3440 5328
810 617 1008 675 ..5-

322 791 412 870 apud
441 790 523 851 alios
552 792 736 871 scriptores
769 792 983 870 reperiantur
1012 810 1121 853 necne
1152 793 1382 872 quaerendum
1417 813 1493 854 esse

322 898 420 958 nobis
439 899 682 976 persuasimus3
708 905 919 978 quapropter
940 917 1007 959 non
1028 898 1136 959 solum
1159 900 1311 960 carmina
1332 900 1428 980 epica
1449 899 1493 960 ad

322 1003 588 1083 comparandum
630 1005 835 1065 adhibentur
872 1013 930 1064 aut
967 1003 1096 1084 Vergili
1135 1007 1299 1078 carmina,
1338 1007 1493 1086 quamvis

321 1107 450 1170 Statius
466 1119 571 1189 poeta
588 1113 772 1191 praecipue
793 1112 910 1191 epicus
930 1112 1116 1172 existimari
1133 1113 1259 1191 possit¹
1275 1122 1311 1172 et
1321 1109 1493 1192 Vergilius

321 1218 467 1296 posteris
484 1219 595 1296 poetis
612 1219 786 1296 copiosam
804 1216 1008 1278 locutionum
1022 1226 1057 1278 et
1067 1221 1313 1279 sententiarum
1329 1218 1492 1298 supellec-

262 1347 263 1352 *
321 1322 411 1384 tilem
439 1322 637 1385 formaverit
659 1332 695 1384 et
710 1321 839 1384 Statius
863 1325 1012 1384 maxime
1038 1325 1192 1386 videatur
1208 1323 1395 1405 Vergilium
1421 1327 1492 1386 imi-

321 1438 411 1489 tatus
437 1449 526 1502 esse,
550 1431 612 1490 sed
638 1432 751 1491 omnia
775 1439 810 1491 et
833 1450 956 1510 prosae
982 1439 1016 1490 et
1039 1433 1154 1511 poesis
1178 1433 1314 1511 scripta.
1357 1432 1490 1492 Etenim

322 1554 409 1615 quae
444 1537 533 1616 apud
568 1538 737 1616 pedestris
771 1538 937 1598 sermonis
969 1539 1154 1618 scriptores
1187 1540 1252 1599 iam
1289 1549 1492 1619 usurpantur

321 1642 480 1723 exempla
504 1664 571 1704 non
597 1664 641 1704 ex
661 1652 734 1704 arte
755 1645 846 1704 dicta
866 1664 942 1705 esse
963 1653 1115 1724 apparet,
1139 1664 1214 1706 cum
1237 1646 1489 1726 synecdocham

321 1750 352 1808 in
378 1769 535 1811 sermone
560 1749 740 1811 formando
765 1753 882 1830 magni
906 1753 1070 1812 momenti
1089 1752 1192 1812 fuisse
1213 1761 1363 1829 constet,
1389 1753 1488 1814 etiam

321 1852 563 1933 Quintilianus²
596 1859 643 1917 ita
680 1857 777 1917 huius
811 1859 899 1937 tropi
933 1858 1090 1938 exempla
1128 1859 1293 1932 distinxit,
1333 1879 1409 1920 cum
1443 1860 1491 1919 sic

320 1958 452 2023 locutus
477 1972 542 2025 est:
570 1963 725 2042 „liberior
745 1966 857 2044 poetis
879 1984 980 2044 quam
1003 1967 1208 2042 oratoribus3
1235 1985 1312 2026 nam
1333 1985 1435 2046 prosa
1455 1975 1491 2026 ut

322 2089 518 2130 mucronem
545 2090 606 2150 pro
631 2070 807 2151 gladio.et
831 2079 960 2132 tectum
984 2091 1046 2150 pro
1065 2073 1167 2133 domo
1183 2074 1335 2151 recipiet,
1359 2074 1405 2133 ita
1422 2093 1490 2134 non

319 2179 457 2256 puppim
490 2196 551 2256 pro
582 2179 660 2237 navi
689 2197 753 2238 nec
783 2179 929 2238 abietem
961 2198 1023 2258 pro
1052 2178 1199 2250 tabellis;
1233 2188 1269 2238 et
1294 2199 1421 2253 rursus,
1455 2190 1491 2240 ut

320 2302 380 2362 pro
421 2283 535 2362 gladio
575 2283 716 2356 ferrum,
759 2286 806 2344 ita
850 2303 916 2344 non
961 2303 1022 2364 pro
1067 2305 1156 2366 equo
1202 2286 1490 2366 quadrupedeni“.

319 2388 505 2450 Praeterea
518 2398 629 2450 utrum
643 2388 773 2451 Statius
785 2392 916 2480 primus¹
928 2410 968 2450 ea
981 2393 1164 2471 sumpserit
1177 2411 1195 2451 e
1212 2390 1322 2452 soluta
1337 2394 1490 2454 oratione

320 2516 362 2557 an
380 2517 399 2556 e
416 2505 595 2576 poetarum
620 2515 778 2557 sermone
797 2499 952 2576 recipere
973 2499 1131 2577 potuerit,
1151 2499 1285 2559 videtur
1310 2518 1376 2559 non
1395 2501 1491 2578 parvi

319 2604 495 2665 interesse.
541 2603 770 2684 Epoetarum
801 2623 941 2664 numero
971 2623 1038 2665 non
1070 2606 1101 2664 ei
1126 2605 1227 2665 modo
1256 2607 1490 2685 respiciuntur,

320 2712 375 2790 qui
400 2711 552 2791 Augusti
581 2719 695 2772 aetate
724 2709 924 2784 floruerunt,
952 2711 1012 2771 sed
1038 2712 1140 2771 etiam
1166 2713 1223 2791 qui
1249 2719 1328 2772 ante
1354 2719 1491 2792 etpost

320 2836 393 2877 eam
420 2819 572 2878 carmina
595 2818 830 2879 condiderunt.
875 2817 997 2898 Itaque
1020 2819 1108 2878 intra
1132 2817 1283 2897 singulas
1307 2827 1432 2898 partes
1457 2819 1489 2880 in

320 2942 404 3003 quas
428 2924 648 3004 synecdoche
673 2924 830 2985 dividitur
855 2932 888 2984 et
913 2925 956 2984 de
983 2925 1104 3005 quibus
1128 2924 1215 2985 infra
1235 2925 1408 3003 agendum
1429 2932 1490 2997 est,

320 3033 469 3111 quinque
487 3033 739 3092 constituuntur
754 3038 879 3111 partes,
898 3033 931 3091 in
950 3033 1072 3111 quibus
1090 3030 1249 3111 exempla
1266 3031 1490 3112 disponuntur

320 3146 356 3198 et
387 3138 452 3198 loci
485 3137 598 3199 collati
630 3138 858 3218 proferuntur.
913 3137 1061 3199 Primum
1101 3147 1414 3199 commemorantur
1449 3157 1490 3198 ea

319 3245 487 3324 exempla,
512 3264 600 3324 quae
626 3246 728 3304 etiam
755 3245 787 3304 in
813 3246 966 3305 oratione
991 3243 1101 3305 soluta
1117 3245 1342 3324 reperiuntur,
1366 3246 1489 3305 ceteris

319 3353 351 3411 in
376 3353 530 3431 partibus
555 3371 609 3425 ea,
639 3370 727 3431 quae
756 3351 994 3413 tantummodo
1019 3352 1110 3431 apud
1134 3360 1256 3431 poetas
1279 3353 1345 3412 iam
1370 3353 1402 3411 in
1429 3371 1488 3412 usu
1567 3357 1569 3362 '

319 3465 411 3534 sunt;
446 3466 481 3518 et
508 3459 618 3538 prima
651 3458 786 3538 quidem
821 3457 1059 3538 complectitur
1090 3477 1144 3532 ea,
1177 3477 1265 3538 quae
1298 3459 1365 3518 iam
1399 3458 1490 3538 apud

319 3573 441 3644 poetas
464 3573 543 3625 ante
569 3572 718 3625 aetatem
737 3565 889 3644 Augusti
912 3563 1076 3626 florentes
1101 3572 1249 3638 exstant,
1272 3563 1379 3625 altera
1400 3583 1488 3644 quae

319 3673 531 3752 temporibus
555 3671 706 3751 Augusti
734 3673 878 3751 primum
910 3681 1127 3751 usurpantur,
1156 3672 1255 3732 tertia
1285 3689 1373 3751 quae
1398 3671 1488 3751 apud

319 3787 454 3838 ceteros
486 3787 608 3859 poetas
644 3785 724 3838 ante
757 3775 901 3838 Statium
938 3776 1102 3838 florentes
1139 3785 1334 3851 occurrunt,
1368 3785 1489 3857 quarta

320 3903 407 3964 quae
425 3904 445 3944 a
461 3882 571 3947 Statio
595 3884 649 3944 vel
674 3885 745 3944 eius
769 3883 967 3964 aequalibus
993 3891 1119 3944 novata
1143 3892 1230 3944 sunt.
1269 3880 1398 3961 Quodsi
1421 3903 1488 3944 uno
1531 3867 1533 3874 ’

318 4009 455 4071 semper
483 3990 641 4071 exemplo
671 3989 891 4052 confirmatur
919 3990 1124 4051 locutionem
1156 3990 1325 4070 quandam
1354 3992 1419 4050 iam
1445 3991 1487 4050 ab

319 4096 389 4158 aliis
415 4105 610 4177 usurpatam
636 4117 720 4170 esse,
745 4117 812 4158 non
833 4097 955 4157 dicitur
971 4093 1115 4158 Statium
1137 4096 1199 4157 hos
1218 4097 1383 4157 imitatum
1403 4117 1488 4174 esse,

318 4204 379 4264 sed
403 4203 492 4264 illam
516 4206 583 4265 iam
607 4207 641 4264 in
667 4224 725 4266 usu
751 4203 870 4281 fuisse3
900 4203 1114 4264 nihilominus
1140 4211 1234 4264 certe
1259 4221 1335 4263 eam
1360 4201 1488 4266 Statius

319 4311 361 4370 de
395 4330 455 4372 suo
490 4309 622 4390 fingere
655 4312 780 4390 potuit,
812 4311 1012 4390 praesertim
1048 4329 1125 4370 cum
1159 4309 1288 4370 facilius
1321 4329 1410 4370 nova
1439 4312 1487 4370 vis

409 4468 417 4499 ¹
437 4468 470 4521 cl.
490 4469 618 4520 Koestlin
636 4469 664 4519 in
684 4468 780 4519 Philol.
794 4467 849 4519 vol.
863 4468 975 4518 XXXV
989 4466 1080 4535 (1876)
1093 4483 1156 4534 pag.
1169 4466 1230 4518 493.

406 4557 417 4588 ⁹
436 4558 501 4609 lust.
515 4557 652 4608 oratVlll
665 4557 690 4619 6,
706 4557 746 4607 19.
