3440 5328
727 605 1003 665 -41-Ἰ

340 776 490 840 Restant
532 779 597 840 duo
641 781 800 861 exempla
842 801 931 862 quae
974 759 1016 842 ad
1056 782 1212 843 animalia
1251 794 1423 863 spectant:

253 884 423 966 plumae,
459 887 541 946 item
581 896 684 967 atque
722 889 858 967 saepius
889 890 1028 969 pinnae,
1066 889 1222 969 pro'alis
1254 900 1425 969 ponuntur
1533 954 1535 960 s

253 990 461 1054 11111428
495 991 619 1065 „Fama
651 993 803 1074 trepidas
837 995 943 1056 denso
977 985 1052 1056 cum
1088 1015 1258 1058 murmure
1292 996 1423 1076 plumas

229 1076 231 1080 ¹
253 1099 408 1160 excutit‘.
440 1097 518 1159 Non
536 1099 634 1161 aliter
651 1109 772 1180 postea
789 1102 923 1181 scripsit
939 1101 1041 1181 Apul.
1053 1102 1187 1165 metlH
1205 1105 1244 1164 25
1263 1105 1422 1183 „remigio

215 1204 217 1206 ’
253 1204 387 1284 plumae
415 1213 550 1286 raptum
576 1208 731 1268 maritum
759 1209 947 1288 proceritas
972 1210 1071 1288 spatii
1095 1208 1226 1269 fecerat
1251 1209 1424 1272 alienum“.

253 1310 434 1373 Maculae
466 1311 590 1392 pellem
626 1314 758 1393 tigridis
791 1312 987 1393 significant
1020 1313 1080 1376 Th.
1104 1315 1134 1376 Π
1159 1317 1277 1396 128sq.
1310 1319 1423 1396 „tigris

253 1418 382 1479 horruit
409 1420 441 1479 in
472 1419 621 1480 maculas
650 1439 857 1501 somnosque
886 1423 1038 1482 excussit
1064 1423 1209 1483 inertes“
1238 1436 1273 1483 et
1300 1421 1335 1484 X
1360 1425 1422 1484 290

253 1543 384 1597 „crasso
401 1524 538 1586 sordida
555 1527 636 1588 tabo
650 1525 804 1588 confudit
820 1527 995 1589 maculas“.
1019 1527 1113 1589 Illum
1128 1528 1237 1590 locum
1252 1530 1422 1610 quomodo

251 1633 496 1712 interpretetur
528 1633 661 1694 dubitat
691 1631 889 1695 Lactantius
920 1633 1085 1707 Placidus
1117 1654 1192 1696 cum
1227 1646 1284 1697 aut
1311 1655 1423 1698 macu-

252 1737 355 1798 larum
391 1739 567 1800 horrorem
601 1749 660 1801 aut
687 1740 830 1801 reticula
858 1740 999 1802 maculis
1027 1741 1129 1821 plena
1157 1741 1309 1822 intellegi
1337 1743 1422 1819 vult;

252 1844 294 1904 ad
319 1845 408 1906 hunc
428 1865 509 1908 vero
533 1845 708 1908 adnotavit
729 1855 797 1910 vet.
813 1847 916 1910 schol.
934 1867 987 1928 ap.
1003 1847 1119 1909 Barth.
1136 1849 1226 1910 adv.
1243 1852 1305 1911 285
1323 1850 1422 1928 (290);

255 1949 428 2029 „confudit
465 1952 626 2014 maculas:
667 1973 732 2014 uno
771 1953 884 2026 colore
920 1955 1095 2034 sanguinis
1134 1957 1239 2016 crassi
1275 1955 1424 2019 inducto.

251 2059 366 2138 pictae
390 2058 495 2140 pellis,
525 2067 632 2120 totam
650 2061 827 2140 sanguine
854 2062 996 2122 tinctam
1023 2068 1059 2120 et
1085 2063 1180 2141 quasi
1204 2064 1237 2122 in
1265 2082 1305 2123 eo
1332 2062 1423 2124 volu-

251 2173 357 2226 tatam
384 2166 490 2227 dicit‘.

341 2287 508 2368 Quoniam
538 2291 649 2352 adhuc
677 2293 776 2372 primi
809 2291 1050 2372 synecdochae
1083 2294 1221 2371 generis
1255 2293 1423 2373 exempla,

252 2415 340 2477 quae
369 2398 400 2457 in
431 2393 519 2459 Stati
548 2399 754 2459 carminibus
778 2399 1002 2470 inveniuntur,
1019 2390 1233 2460 'enumerata
1257 2412 1343 2473 sunt,
1371 2421 1422 2460 se·

251 2503 372 2584 quitur,
397 2511 434 2563 ut
458 2504 501 2564 de
526 2503 632 2565 altero
655 2514 840 2585 quaeratur
863 2525 1003 2584 genere,
1027 2507 1059 2567 in
1087 2525 1154 2586 quo
1179 2509 1317 2586 ponitur

484 3002 487 3008 Ι
579 2873 767 2976 Totum
807 2914 899 3010 pro
938 2897 1092 3011 parte.

341 3090 507 3171 Exempla
533 3110 620 3171 quae
647 3091 690 3152 ad
714 3092 802 3152 hanc
823 3093 1064 3172 synecdochae
1081 3094 1229 3172 speciem
1249 3095 1424 3172 pertinent

251 3217 317 3258 non
339 3199 385 3258 ita
407 3196 511 3258 multa
530 3206 609 3258 sunt
629 3211 733 3278 atque
754 3197 886 3259 duobus
907 3200 1062 3279 exceptis
1082 3200 1172 3278 apud
1192 3199 1281 3260 solos
1302 3211 1422 3280 poetas
1446 3183 1449 3187 Δ

250 3306 475 3385 reperiuntur.
513 3303 562 3366 Ut
578 3305 667 3365 enim
686 3306 722 3365 in
740 3303 873 3366 soluta
891 3307 1088 3379 oratione,
1104 3307 1151 3366 ita
1168 3307 1258 3386 apud
1276 3306 1419 3368 Statium

251 3413 360 3472 orbis
385 3409 555 3491 significat
578 3410 786 3492 singularem
807 3419 934 3473 terram
954 3411 1008 3473 vel
1027 3413 1206 3492 regionem
1226 3413 1295 3474 sV
1313 3416 1340 3486 2,
1360 3417 1420 3474 132

251 3537 432 3598 „quasnam
468 3519 572 3598 igitur
609 3526 732 3590 terras,
771 3537 871 3598 quem
907 3515 1061 3579 Caesaris
1095 3520 1157 3579 ibis
1190 3520 1222 3579 in
1257 3521 1421 3599 orbem?“,

251 3622 401 3685 ThVIll
417 3626 490 3704 508,
514 3623 549 3686 X
568 3626 640 3702 142,
658 3627 730 3703 375,
754 3623 820 3684 XII
837 3627 911 3704 517,
934 3625 977 3687 A.
993 3624 1008 3685 I
1025 3627 1097 3704 395,
1114 3621 1212 3687 441¹:
1235 3625 1277 3688 cl.
1294 3622 1422 3688 Colum.

249 3729 351 3810 13,6
376 3732 456 3809 „nisi
480 3730 578 3791 aliter
602 3731 837 3792 existimamus
862 3730 1030 3792 diversum
1058 3734 1176 3793 orbem
1202 3744 1327 3811 gentes
1353 3734 1421 3793 uni·

249 3857 366 3898 versas
400 3838 539 3918 petiisse
567 3837 685 3899 relicto
716 3839 820 3918 patris
848 3837 934 3916 solo,
967 3839 1129 3900 Achaeos
1161 3839 1236 3900 dico
1269 3839 1358 3919 eqs“
1387 3848 1421 3899 et

251 3940 314 4007 Ov.
335 3952 414 4005 met.
430 3942 508 4004 VHI
532 3946 593 4006 100
622 3939 766 4022 „Creten
797 3964 885 4024 quae
915 3964 1011 4006 meus
1041 3956 1094 4006 est
1122 3946 1240 4007 orbis“.
1285 3945 1420 4006 Deinde

249 4049 395 4110 bellum
439 4050 624 4112 collocatur
666 4070 727 4131 pro
770 4053 924 4132 partibus
970 4051 1064 4125 belli,
1110 4051 1246 4132 proeliis
1293 4052 1422 4113 scilicet

249 4266 342 4312 autem
366 4261 392 4311 in
416 4261 547 4334 cotidiani
570 4263 706 4314 sermonis
730 4278 782 4313 usu
805 4261 905 4324 luisse,
929 4263 981 4314 sed
1004 4263 1134 4330 exempla
1157 4263 1329 4330 reperiuntur
1347 4263 1420 4330 apud

248 4349 417 4416 posteriores
436 4351 547 4402 demum
569 4347 724 4418 scriptores.

339 4439 402 4490 ¹cl.
425 4444 481 4490 vet.
505 4439 592 4490 schol.
616 4455 658 4506 ap.
682 4439 789 4490 Barth:
826 4438 936 4491 Graium
974 4441 1083 4491 orbem:
1120 4455 1219 4492 omnes
1251 4439 1420 4492 Graecorum

249 4528 414 4594 provincias.
