3388 5324
709 595 928 652 ..75-

322 765 488 846 Quoniam
515 778 716 829 enumerata
741 778 819 830 sunt
844 772 957 831 omnia
976 771 1217 851 synecdochae
1238 770 1405 850 exempla,

232 882 353 947 restat,
388 883 424 935 ut
456 894 622 935 summam
657 873 822 936 faciamus
856 885 958 956 atque
995 877 1219 958 explicemus,
1252 877 1333 956 quid
1362 877 1404 938 de

233 981 472 1059 synecdochae
490 982 579 1060 apud
598 979 741 1042 Statium
762 1002 822 1043 usu
843 985 1032 1063 computari
1052 1003 1092 1044 ac
1109 985 1273 1063 cognosci
1290 986 1406 1063 possit,
1450 1047 1453 1052 ,
1493 1056 1495 1060 .

234 1096 317 1167 quot
346 1097 381 1147 et
411 1087 522 1167 qualia
551 1090 618 1148 sint
646 1088 819 1168 exempla,
849 1091 1077 1169 quaratione
1106 1090 1260 1170 singulae
1286 1111 1405 1170 synec-

234 1193 365 1254 dochae
402 1196 536 1274 species
572 1195 812 1269 adhibeantur,
844 1197 923 1276 quid
956 1198 1087 1257 intersit
1120 1198 1209 1256 inter
1240 1197 1339 1257 silvas
1371 1207 1406 1258 et

234 1302 331 1380 epica
356 1303 515 1362 carmina.
552 1299 700 1363 Omnino
726 1311 949 1363 numerantur
973 1303 1132 1384 exempla
1148 1305 1222 1376 486,
1247 1323 1266 1362 e
1284 1305 1406 1384 quibus

234 1406 389 1486 plurima,
413 1394 491 1481 219,
521 1409 564 1468 ad
592 1410 733 1488 primam
761 1411 910 1489 speciem
940 1409 1149 1481 referuntur,
1177 1411 1210 1470 in
1236 1430 1303 1497 qua
1327 1429 1407 1496 pars

234 1533 295 1592 pro
324 1521 398 1575 toto
428 1517 576 1595 ponitur,
604 1519 664 1577 179
696 1517 736 1576 ad
768 1517 901 1576 tertiam
934 1515 1041 1597 (cuius
1069 1519 1101 1577 in
1131 1527 1229 1596 parte
1255 1517 1407 1588 secunda

235 1621 572 1700 comprehenduntur
595 1611 664 1694 107,
689 1624 798 1702 prima
819 1624 870 1696 43,
896 1625 998 1683 tertia
1018 1623 1081 1704 29),
1107 1625 1148 1685 64
1173 1624 1216 1684 ad
1241 1619 1407 1704 quartam,

236 1728 277 1786 94
301 1727 344 1787 ad
373 1730 573 1800 secundam3
606 1730 716 1808 prima
748 1731 851 1808 igitur
885 1731 994 1809 magis
1024 1732 1184 1790 adamata
1216 1740 1282 1803 est,
1315 1732 1406 1811 quod

235 1843 329 1893 certe
355 1836 467 1914 potius
493 1837 580 1914 tropi
608 1847 727 1896 natura
754 1834 898 1896 efficitur
924 1856 1024 1916 quam
1058 1837 1220 1916 singulari
1246 1835 1335 1897 Stati
1357 1839 1406 1897 in-

236 1939 311 2000 dole
332 1949 367 2000 et
387 1942 642 2002 consuetudine.
681 1942 717 2002 In
739 1941 829 2003 silvis
849 1963 910 2022 pro
929 1963 1084 2004 versuum
1104 1963 1245 2005 numero
1264 1945 1406 2004 totidem

235 2045 307 2106 1616
330 2047 490 2126 leguntur
510 2058 614 2128 atque
633 2051 666 2110 in
688 2051 801 2128 epicis
826 2051 888 2110 196
906 2051 938 2109 in
956 2050 1015 2124 his,
1042 2052 1102 2110 121
1122 2050 1241 2120 inillis,
1265 2051 1325 2110 sed
1345 2052 1406 2111 169

235 2154 266 2213 in
294 2161 438 2234 utroque
463 2157 650 2216 carminum
675 2175 805 2235 genere
831 2158 1055 2217 inveniuntur.
1095 2156 1217 2237 Neque
1239 2159 1407 2217 tamenin

238 2269 381 2340 utroque
410 2261 499 2321 idem
531 2270 584 2322 est
612 2263 748 2323 habitus
779 2265 954 2336 0161101116,
982 2283 1057 2324 cum
1089 2249 1153 2324 alia
1181 2265 1223 2324 sit
1252 2266 1352 2337 ratio,
1380 2265 1407 2323 si

236 2366 395 2445 exempla
407 2386 495 2447 quae
510 2369 573 2428 iam
589 2379 692 2429 antea
704 2379 866 2449 usurpata
879 2380 958 2430 sunt
970 2370 1222 2450 distinguuntur
1236 2373 1407 2431 anovatis

325 2472 446 2553 Longe
471 2475 623 2554 plurima,
648 2478 720 2548 385,
745 2479 809 2537 iam
837 2486 916 2537 ante
937 2475 1083 2539 Statium
1105 2479 1136 2537 in
1158 2497 1219 2537 usu
1240 2485 1339 2538 erant
1360 2485 1408 2538 at-

237 2599 303 2659 que
329 2581 371 2640 de
396 2581 447 2641 his
473 2583 535 2643 190
561 2583 604 2642 ad
627 2586 782 2662 primam,
810 2586 869 2645 136
895 2584 937 2644 ad
962 2585 1096 2644 tertiam
1124 2584 1230 2664 (cuius
1252 2586 1285 2644 in
1310 2596 1407 2663 parte

236 2688 387 2748 secunda
404 2691 622 2750 continentur
639 2691 690 2763 69,
714 2693 823 2770 prima
841 2693 891 2767 32,
916 2693 1016 2751 tertia
1035 2692 1097 2772 25),
1123 2694 1164 2752 54
1182 2691 1225 2752 ad
1243 2701 1409 2770 quartam,

239 2797 277 2854 15
297 2795 338 2854 ad
356 2797 539 2856 secundam
560 2799 708 2876 speciem
728 2800 911 2878 pertinent,
930 2799 1018 2858 unde
1036 2798 1248 2859 concluditur
1265 2799 1406 2878 primam

237 2910 273 2960 et
302 2899 436 2962 tertiam
459 2905 532 2963 'iam
563 2905 653 2983 apud
681 2907 812 2983 priores
838 2907 1022 2984 scriptores
1048 2907 1258 2985 potissimum
1285 2904 1407 2966 dilecta

175 3055 177 3060 .
237 3027 321 3071 esse.
368 3009 405 3068 Iu
435 3009 546 3070 soluta
576 3013 729 3071 oratione
754 3012 819 3072 iam
845 3013 1060 3091 reperiuntur
1086 3013 1126 3072 99
1153 3012 1313 3091 exempla
1337 3013 1354 3072 i.
1372 3033 1410 3085 6.,

237 3117 263 3174 si
298 3123 389 3176 totus
423 3137 582 3177 numerus
615 3119 807 3196 respicitur,
842 3121 882 3178 90
913 3137 974 3196 pro
1004 3126 1156 3191 centum,
1189 3119 1247 3178 sed
1284 3125 1409 3192 cetera,

239 3224 300 3282 986
326 3224 344 3283 i.
362 3243 389 3282 e.
408 3223 507 3306 58110,
531 3223 564 3283 in
590 3225 685 3304 poesi
710 3232 872 3304 usurpata
897 3234 995 3284 erant
1020 3234 1124 3304 atque
1150 3228 1212 3286 217
1238 3226 1256 3286 1.
1273 3245 1301 3285 6.
1319 3221 1408 3308 44110

238 3330 328 3408 apud
361 3338 484 3410 poetas
518 3333 640 3391 aetatis
671 3332 836 3410 Augusti,
869 3333 911 3391 40
940 3333 959 3392 i.
988 3351 1016 3391 6.
1045 3330 1112 3414 8010
1147 3331 1238 3410 apud
1270 3333 1409 3410 0110166,

239 3438 279 3497 29
304 3438 323 3497 i.
345 3457 372 3521 e.
395 3433 461 3520 6010
488 3438 579 3518 apud
603 3440 820 3516 posteriores
868 3435 998 3516 Quibus
1023 3458 1068 3499 ex
1091 3439 1240 3498 numeris
1265 3445 1410 3517 apparet

238 3563 305 3604 non
323 3562 442 3624 pauca,
457 3563 545 3624 quae
562 3543 692 3605 scilicet
707 3547 740 3604 in
758 3546 910 3625 pedestri
926 3565 1085 3606 sermone
1101 3546 1165 3604 iam
1184 3546 1409 3617 inveniuntur,

239 3651 282 3710 ad
312 3670 526 3711 communem
560 3652 761 3730 scriptorum
795 3671 891 3712 usum
920 3650 1103 3712 referenda
1129 3671 1219 3725 esse,
1249 3651 1310 3711 sed
1336 3650 1409 3723 fere

239 3759 352 3818 omnia
366 3777 432 3818 non
447 3755 587 3819 aStatio
600 3759 709 3838 primo
722 3760 755 3818 in
770 3760 975 3820 carminibus
990 3759 1141 3819 adhibita
1155 3778 1231 3818 esse
1245 3757 1410 3837 exemplis

239 3864 361 3924 additis
373 3864 643 3926 demonstratum
656 3873 718 3926 est.
746 3865 881 3926 Deinde
895 3865 991 3946 plura
1003 3867 1034 3926 in
1050 3863 1231 3926 artificiosa
1243 3875 1277 3924 et
1290 3865 1411 3926 audaci
1473 3894 1476 3899 ·

238 3981 416 4050 poetarum
441 3973 594 4033 oratione
616 3973 832 4033 inveniuntur
853 3981 889 4032 et
910 3972 1070 4034 nonnulla
1090 3974 1155 4033 iam
1175 3973 1265 4052 apud
1281 3973 1411 4051 priscos

239 4087 360 4158 poetas
385 4080 417 4138 in
445 4099 503 4138 usu
529 4086 640 4152 erant,
665 4081 753 4140 inter
778 4099 863 4159 quos
888 4081 1139 4140 numeravimus
1165 4079 1321 4152 Ennium,
1346 4076 1411 4138 Lu-

239 4187 391 4258 cretium,
416 4183 579 4246 Catullum
607 4185 773 4265 aliosque3
798 4185 861 4245 sed
878 4181 1084 4246 monendum
1109 4194 1162 4246 est
1178 4183 1322 4247 Statium
1343 4205 1410 4246 non

240 4274 305 4353 dici
331 4311 390 4352 eos
416 4292 580 4352 imitatum
610 4311 685 4352 esse
715 4311 842 4373 neque,
870 4294 1003 4352 etiamsi
1035 4291 1197 4353 Alfredus
1221 4291 1343 4353 Klotz¹
1368 4312 1412 4352 ex

329 4449 338 4480 ¹
357 4449 554 4501 Klassizismus
568 4450 623 4499 und
633 4450 822 4500 Archaismus.
843 4448 1025 4500 Stilistisches
1039 4467 1071 4500 zu
1085 4449 1189 4500 Statius
1202 4450 1229 4499 in
1242 4450 1326 4500 Arch.
1337 4449 1354 4500 f.
1366 4449 1411 4501 lat.

239 4538 306 4589 Lex.
320 4538 374 4588 vol.
388 4538 443 4588 XV
460 4537 560 4605 (1908),
573 4554 635 4604 pag.
649 4537 700 4588 401
708 4554 782 4605 sqq.;
802 4536 836 4589 cf.
851 4537 934 4588 etiam
949 4530 1032 4605 snpra
1043 4555 1105 4605 pag.
1120 4539 1230 4589 906011.
1246 4538 1269 4591 1.
