3440 5328
708 657 748 666 -
797 624 836 682 77
884 658 927 666 -

232 801 379 860 maxime
404 796 494 859 Stati
518 807 633 859 aetate
659 798 828 860 excultam
856 819 931 859 esse
956 797 1177 861 concluditur.
1196 800 1290 861 —In
1316 799 1405 860 silvis
1499 862 1501 866 ,

232 906 392 986 leguntur
415 908 467 977 45,
491 908 523 967 in
542 905 719 966 Thebaide
741 909 829 984 (narn
849 907 880 966 in
899 906 1090 967 Achilleide
1109 906 1346 968 tantummodo
1364 925 1405 966 ea

232 1015 370 1072 exstant
395 1012 554 1094 exempla
579 1032 666 1093 quae
694 1013 759 1072 iam
791 1014 824 1072 in
849 1012 1031 1097 Thebaide¹
1054 1022 1215 1093 usurpata
1240 1014 1329 1089 sunt)
1353 1014 1404 1083 46,

231 1119 289 1178 sed
311 1120 350 1179 10
375 1121 408 1178 in
434 1129 579 1198 utroque
604 1121 791 1180 carminum
816 1139 946 1199 genere
971 1121 1196 1192 inveniuntur,
1222 1121 1403 1199 quorum3

231 1244 307 1285 cum
334 1227 366 1285 in
390 1224 440 1286 IV
457 1226 592 1286 demum
620 1236 655 1286 et
672 1226 706 1286 V
722 1225 878 1286 silvarum
901 1225 985 1287 libro
1006 1227 1221 1305 reperiantur
1237 1225 1404 1287 Thebaidi

231 1341 375 1412 possunt
391 1334 538 1393 attribui.
572 1332 609 1393 In
626 1332 717 1393 silvis
733 1333 838 1411 igitur
854 1341 1024 1393 novantur
1039 1335 1091 1404 45,
1107 1334 1140 1392 in
1159 1332 1336 1393 Thebaide
1354 1335 1404 1396 49.

132 1491 133 1494 ,
232 1436 362 1517 Quibus
400 1441 549 1499 numeris
583 1441 790 1518 comparatis
827 1439 923 1518 plura
957 1439 1116 1518 exempla
1148 1459 1210 1519 pro
1246 1459 1401 1500 versuum

231 1565 372 1606 numero
398 1548 430 1605 in
456 1545 546 1606 silvis
571 1556 708 1609 exstare
735 1564 834 1625 quam
862 1548 893 1606 in
917 1544 1094 1606 Thebaide
1118 1565 1186 1606 non
1213 1547 1404 1625 negaveris,

231 1651 328 1713 Haec
354 1660 466 1712 autem
494 1654 665 1713 sententia
686 1654 847 1713 convenit
872 1672 948 1713 cum
974 1673 1015 1712 ea
1033 1671 1132 1732 quarn
1159 1672 1261 1732 supra
1286 1672 1405 1713 conse-

231 1760 297 1819 cuti
332 1778 461 1834 sumuS,
495 1777 571 1820 nam
603 1758 781 1828 Thebaida
814 1759 919 1821 multo
955 1764 1064 1838 magis
1093 1779 1193 1838 quam
1229 1758 1330 1819 silvas
1361 1759 1403 1819 ad

230 1851 378 1946 priorem
403 1868 534 1946 poesin,
558 1869 742 1946 praecipue
763 1867 806 1926 ad
822 1866 973 1946 Augusti
995 1868 1117 1926 aetatis
1141 1875 1263 1945 poetas
1284 1865 1404 1926 referri

231 1973 387 2046 vidimus,
420 1992 484 2034 nec
514 1973 624 2034 aliena
653 1983 704 2033 est
732 1993 752 2033 a
776 1975 947 2034 communi
976 1973 1134 2034 silvarum
1165 1983 1287 2034 natura
1315 1993 1403 2053 quae
1500 1984 1506 2000 ‘

231 2081 378 2140 maxime
396 2080 439 2140 ad
456 2080 630 2141 rhetorum
648 2088 838 2160 praecepta
855 2087 1039 2140 revocatae
1053 2088 1140 2153 sunt,
1153 2100 1218 2140 nec
1232 2100 1250 2140 a
1264 2078 1404 2141 Scham-

231 2187 369 2265 bergeri
393 2188 576 2250 sententia.
601 2189 657 2266 qui
680 2187 849 2248 vocabula
873 2195 999 2247 novata
1025 2186 1121 2265 plura
1143 2189 1175 2247 in
1194 2186 1283 2248 silvis
1302 2207 1400 2268 quam

231 2294 262 2353 in
288 2295 394 2373 epicis
419 2295 530 2354 inesse
555 2295 730 2372 cognovit.
769 2291 932 2373 Singulae
948 2293 1061 2376 ¹siluae
1087 2293 1241 2371 diversae
1266 2304 1345 2354 sunt
1369 2304 1404 2353 et

231 2401 347 2460 metris
381 2407 416 2459 et
449 2411 570 2461 natura
604 2419 644 2460 ac
679 2399 857 2480 qualitate,
890 2401 952 2461 sed
985 2419 1060 2460 cum
1096 2399 1149 2460 illa
1182 2399 1303 2461 nullam
1336 2401 1402 2460 vim

231 2505 352 2566 afferre
390 2507 570 2567 videantur
606 2508 649 2568 ad
686 2516 820 2587 tropum
861 2507 1105 2579 adhibendum,
1145 2507 1231 2567 haec
1270 2507 1404 2567 videtur

231 2614 346 2692 magni
371 2611 536 2674 momenti
561 2633 651 2691 esse3
682 2615 806 2673 etenim
837 2612 981 2693 plurima
1005 2613 1164 2693 exempla
1187 2615 1403 2693 reperiuntur

225 2721 261 2779 >in
288 2721 336 2779 eis
360 2719 450 2780 silvis
476 2738 563 2799 quae
590 2720 633 2780 ad
650 2697 822 2780 rhetorum
842 2729 1031 2800 praecepta
1047 2721 1202 2800 proxime
1221 2720 1403 2781 accedunt:
1504 2710 1506 2714 ’

230 2827 319 2886 inter
348 2827 594 2906 descriptiones
619 2815 672 2886 vel
698 2826 866 2906 ἐκφράσεις
896 2836 1118 2888 numerantur
1146 2826 1252 2900 s.11,
1275 2829 1302 2900 3,
1325 2831 1353 2894 5,
1376 2829 1403 2901 6,

229 2933 259 2994 n
279 2937 307 3007 a,
330 2933 424 3007 iva,
446 2938 474 3005 3,
496 2935 528 3005 a,
557 2935 646 2993 inter
670 2933 825 3012 epicedio
847 2932 877 2992 n
902 2936 928 3006 1,
950 2938 979 3005 4,
1002 2936 1030 3007 5,
1052 2936 1084 3007 a,
1107 2933 1153 2994 m
1176 2937 1207 3005 a,
1232 2933 1311 3007 Vi,
1334 2921 1401 3006 aa

229 3041 262 3100 in
296 3039 357 3100 illis
391 3049 560 3100 novantur
593 3041 1251 3119 2†5÷3†1÷1÷5†2=51,
1284 3042 1317 3100 in
1352 3042 1403 3101 his

231 3148 822 3222 2†1†1÷1÷a÷a÷a=11,
843 3149 959 3226 itaque
977 3148 1027 3207 his
1044 3149 1076 3207 in
1093 3145 1180 3208 XVI
1197 3149 1402 3211 carminibus

231 3255 367 3314 omnino
389 3252 550 3333 leguntur
571 3273 661 3314 nova
681 3254 840 3333 exempla
858 3256 908 3326 32,
931 3256 964 3314 in
987 3253 1125 3334 reliquis
1145 3252 1232 3314 XVI
1255 3262 1402 3314 tantum-

230 3361 331 3421 modo
359 3363 396 3420 17
422 3361 647 3420 inveniuntur.

319 3465 462 3528 Statium
482 3467 590 3546 ipsum
609 3467 773 3547 pleraque
794 3466 931 3529 finxisse
948 3467 1128 3528 verisimile
1146 3475 1199 3528 est
1215 3468 1292 3528 ideo
1311 3468 1402 3547 quod

229 3593 339 3652 pauca
355 3581 498 3646 tantum,
517 3576 566 3647 13,
583 3574 673 3653 apud
691 3575 852 3654 aequales
871 3594 1017 3655 quoque,
1035 3573 1223 3634 Martialem
1239 3584 1275 3635 et
1284 3571 1400 3636 Silium

228 3680 391 3754 Italicum,
414 3682 638 3760 reperiuntur,
658 3701 733 3742 cum
758 3683 880 3761 quibus
901 3690 1052 3742 ceterum
1077 3681 1156 3741 nihil
1173 3683 1202 3741 ei
1220 3689 1294 3740 erat
1312 3700 1402 3741 com·

230 3807 340 3850 mune.
388 3787 439 3848 Ex
467 3789 515 3848 eis
545 3790 687 3867 plurima
716 3789 757 3848 ad
787 3790 929 3867 primam
961 3790 1109 3868 speciem
1136 3789 1324 3867 pertinent:
1355 3789 1402 3848 ita
1504 3840 1506 3844 ,

229 3894 359 3977 palmes
375 3896 513 3973 ponitur
529 3911 590 3974 pro
608 3896 692 3966 vitis
714 3893 866 3956 Laurens
883 3914 944 3975 pro
962 3893 1149 3968 Romanus
1168 3885 1410 3956 Marathonius

229 4019 290 4080 pro
309 4002 453 4079 Atticus,
471 4000 601 4081 Elysius
618 4021 679 4081 pro
697 4001 833 4075 inferus,
858 4011 951 4062 tecta
969 4021 1029 4082 pro
1047 3995 1195 4079 basilica,
1219 4003 1323 4062 crista
1339 4021 1400 4083 pro

229 4109 342 4186 cassis
366 4107 478 4168 laurus
494 4128 556 4187 pro
574 4109 727 4188 epistula,
747 4128 855 4188 equus
871 4129 933 4188 pro
951 4118 1063 4169 statua
1082 4110 1260 4193 equestris,
1277 4108 1400 4168 deinde

229 4215 261 4274 in
299 4215 451 4275 secunda
486 4214 686 4276 Isthmiacos
723 4235 785 4294 pro
825 4213 1029 4294 Corinthius,
1070 4217 1167 4296 tigris
1204 4235 1266 4296 pro
1305 4214 1400 4294 pellis

229 4320 374 4400 tigridis,
407 4323 439 4380 in
473 4323 576 4381 tertia
612 4324 714 4382 umbo
748 4343 810 4402 pro
844 4324 990 4396 cubitus,
1027 4342 1142 4383 aurum
1177 4341 1239 4402 pro
1273 4341 1401 4383 corona

230 4446 331 4487 aurea
348 4426 514 4507 oleagina,
531 4448 679 4488 marmor
691 4449 753 4509 pro
768 4438 1034 4492 mouumentum.
1047 4465 1079 4473 -
1092 4429 1227 4490 Novata
1241 4428 1399 4509 exempla

229 4534 429 4617 plerumque
453 4543 533 4595 sunt
556 4555 598 4596 ea
621 4537 654 4595 in
680 4537 802 4616 quibus
826 4555 915 4596 nova
939 4537 989 4596 vis
1012 4535 1179 4597 vocabulo
1205 4544 1306 4596 antea
1323 4555 1398 4614 pro·
