3440 5328
712 587 930 646 „75-

325 758 490 839 Quoniam
518 771 719 823 enumerata
743 771 822 824 sunt
847 765 960 824 omnia
978 764 1220 845 synecdochae
1241 764 1409 844 exempla,

234 875 355 940 restat,
390 876 426 928 ut
458 888 625 928 summam
659 867 824 930 iaciamus
858 879 962 950 atque
998 869 1222 950 explicemus,
1256 871 1337 950 quid
1366 871 1408 930 de

235 974 474 1054 synecdochae
493 975 583 1054 apud
600 973 743 1036 Statium
765 996 824 1036 usu
845 979 1035 1056 computari
1055 996 1095 1038 ac
1112 978 1276 1056 cognosci
1293 979 1409 1057 possit,
1453 1040 1456 1046 ,
1496 1049 1498 1054 Ι

236 1089 319 1160 quot
349 1091 383 1140 et
414 1080 525 1160 qualia
553 1083 620 1142 siut
648 1081 822 1162 exempla,
852 1085 1080 1162 qua,ratione
1109 1082 1264 1163 singulae
1289 1104 1409 1164 synec-

236 1187 367 1247 dochae
404 1189 538 1268 species
574 1189 814 1262 adhibeantur,
847 1190 927 1269 quid
959 1191 1090 1250 intersit
1123 1191 1212 1250 inter
1243 1190 1343 1252 silvas
1375 1201 1409 1252 et

236 1295 333 1372 epica
358 1297 517 1356 carmina.
554 1293 702 1357 Omnino
728 1306 951 1356 numerantur
975 1295 1134 1376 exempla
1151 1299 1225 1370 486,
1250 1299 1409 1378 equibus

235 1399 391 1480 plurima,
416 1401 493 1474 219,
522 1402 565 1462 ad
594 1403 736 1481 primam
763 1405 912 1482 speciem
943 1401 1152 1476 referuntur,
1181 1405 1213 1464 in
1240 1423 1306 1491 qua
1330 1424 1410 1492 pars

235 1526 297 1586 pro
326 1515 400 1568 toto
429 1509 578 1587 ponitur,
605 1511 666 1570 179
697 1509 738 1569 ad
769 1511 903 1570 tertiam
936 1508 1044 1591 (cuius
1072 1512 1103 1570 in
1134 1518 1233 1590 parte
1258 1511 1411 1580 secunda

237 1613 574 1694 comprehenduntur
597 1617 666 1688 107,
690 1617 801 1695 prima
821 1618 872 1689 43,
898 1618 999 1677 tertia
1021 1617 1084 1698 29),
1110 1619 1151 1679 64
1176 1617 1219 1677 ad
1245 1613 1410 1696 quartam,

238 1722 279 1780 24
304 1720 346 1780 ad
375 1723 575 1793 secundam,
608 1724 717 1802 prima
750 1725 853 1802 igitur
887 1725 997 1803 magis
1026 1725 1186 1784 adamata
1219 1735 1285 1796 est,
1318 1725 1409 1804 quod

236 1835 331 1886 certe
356 1829 469 1906 potius
494 1830 583 1908 tropi
610 1840 729 1889 natura
756 1828 900 1891 efficitur
926 1850 1027 1910 quam
1060 1830 1223 1910 singulari
1249 1828 1337 1890 Stati
1361 1833 1409 1890 in-

237 1932 313 1992 dole
334 1943 369 1992 et
388 1935 644 1996 consuetudine.
682 1935 719 1996 In
741 1935 831 1996 silvis
851 1956 912 2016 pro
931 1957 1087 1997 versuum
1107 1957 1248 1998 numero
1267 1938 1409 1998 totidem

236 2037 309 2098 iere
331 2039 492 2119 leguntur
512 2053 616 2121 atque
635 2044 668 2104 in
690 2044 803 2122 epiciS,
829 2045 890 2104 196
908 2045 940 2102 in
958 2044 1018 2118 his,
1045 2045 1104 2105 121
1124 2045 1156 2104 in
1174 2043 1243 2113 illis,
1268 2045 1328 2105 sed
1348 2046 1409 2105 169

237 2147 268 2206 iu
297 2154 440 2226 utroque
465 2150 652 2209 carminum
677 2168 807 2228 genere
832 2151 1057 2211 inveniuntur.
1097 2149 1220 2230 Neque
1242 2152 1409 2210 tamenin

239 2260 383 2332 utroque
412 2254 500 2314 idem
533 2262 586 2314 est
614 2256 750 2316 habitus
780 2258 955 2330 orationis
984 2277 1059 2318 cum
1091 2257 1156 2318 alia
1183 2259 1226 2317 sit
1254 2260 1355 2330 ratio,
1383 2259 1410 2317 si

238 2359 396 2438 exempla
409 2380 496 2440 quae
511 2363 575 2421 iam
591 2372 694 2422 antea
707 2372 868 2443 usurpata
881 2373 960 2424 sunt
971 2364 1225 2443 distinguuntur
1239 2384 1259 2424 a
1268 2366 1410 2425 novatis

327 2465 448 2546 Longe
473 2467 624 2547 plurima,
650 2471 722 2541 385,
747 2472 810 2530 iam
839 2478 919 2530 aute
940 2469 1085 2532 Statium
1107 2473 1139 2531 in
1161 2491 1221 2531 usu
1243 2480 1342 2532 erant
1363 2481 1411 2532 at-

239 2591 304 2652 que
331 2573 373 2632 de
398 2573 448 2634 his
475 2575 537 2636 190
562 2577 605 2635 ad
629 2578 783 2654 primam,
812 2579 871 2638 136
897 2577 939 2637 ad
964 2579 1098 2637 tertiam
1126 2577 1233 2656 (cuius
1254 2580 1287 2638 in
1313 2591 1411 2657 parte

237 2681 389 2740 secunda
405 2683 624 2742 continentur
641 2683 691 2755 69,
715 2685 825 2762 prima
842 2687 893 2760 32,
918 2685 1018 2754 tertia
1037 2683 1099 2765 25),
1125 2687 1167 2746 54
1184 2685 1227 2745 ad
1246 2695 1412 2764 quartam,

240 2789 278 2847 16
298 2787 340 2846 ad
357 2788 541 2848 secundam
561 2791 710 2868 speciem
730 2792 913 2869 pertinent,
932 2791 1021 2851 unde
1039 2791 1251 2851 concluditur
1268 2793 1409 2871 primam

239 2903 274 2953 et
303 2891 437 2954 tertiam
461 2897 533 2954 'iam
565 2897 655 2975 apud
684 2899 814 2976 priores
839 2899 1025 2978 scriptores
1051 2899 1261 2978 potissimum
1288 2896 1411 2958 dilecta

177 3048 179 3052 .
239 3019 323 3063 esse.
369 3001 406 3061 in
437 3000 548 3062 soluta
577 3004 731 3064 oratione
756 3005 820 3064 iam
847 3005 1063 3083 reperiuntur
1088 3007 1128 3066 99
1155 3004 1315 3084 exempla
1339 3006 1357 3065 i.
1375 3025 1413 3077 e.,

238 3110 266 3168 si
298 3116 391 3169 totus
425 3129 584 3169 numerus
617 3112 809 3188 respicitur,
844 3113 884 3171 20
915 3130 976 3189 pro
1006 3121 1158 3184 centum,
1191 3111 1250 3170 sed
1287 3119 1412 3184 cetera,

240 3217 302 3275 286
328 3217 345 3275 i.
363 3236 391 3276 e.
409 3216 508 3300 58⁰s0,
532 3216 565 3277 in
591 3219 686 3296 poesi
711 3226 874 3297 usurpata
899 3227 998 3277 erant
1023 3228 1126 3298 atque
1152 3220 1214 3280 217
1240 3219 1258 3278 i.
1275 3239 1304 3278 e.
1321 3215 1411 3302 44⁰!0

239 3323 330 3402 apud
363 3331 485 3403 poetas
519 3325 641 3384 aetatis
673 3324 838 3402 Augusti,
871 3326 914 3385 40
943 3326 961 3386 i.
990 3345 1018 3384 e.
1047 3324 1114 3408 80,
1149 3325 1240 3404 apud
1272 3327 1412 3404 priores

241 3432 280 3489 29
305 3431 324 3490 i.
346 3450 374 3514 e.
397 3426 463 3513 6⁰l0
489 3430 581 3510 apud
604 3433 822 3509 posteriores.
870 3429 1000 3509 Quibus
1025 3451 1070 3492 ex
1094 3433 1242 3492 numeris
1267 3440 1413 3511 apparet

240 3556 307 3597 uon
324 3555 443 3616 pauca,
458 3556 546 3616 quae
564 3536 693 3598 scilicet
709 3539 742 3598 in
760 3539 912 3618 pedestri
928 3557 1086 3598 sermone
1103 3539 1167 3598 iam
1186 3539 1412 3611 inveniuntur,

240 3643 283 3704 ad
313 3662 528 3704 communem
561 3645 763 3723 scriptorum
797 3665 893 3706 usum
922 3643 1105 3705 referenda
1131 3665 1221 3718 esse,
1251 3645 1312 3705 sed
1338 3643 1412 3704 fere

241 3753 353 3810 omnia
366 3770 434 3811 non
448 3749 588 3812 aStatio
601 3753 711 3831 primo
724 3753 757 3812 in
771 3753 977 3812 carminibus
992 3751 1144 3812 adhibita
1157 3771 1232 3811 esse
1247 3750 1412 3830 exemplis

240 3857 362 3917 additis
375 3857 644 3918 demonstratum
657 3868 720 3919 est.
747 3857 883 3919 Deinde
896 3858 993 3938 plura
1006 3860 1036 3918 in
1052 3856 1232 3918 artificiosa
1244 3868 1279 3917 et
1292 3859 1413 3919 audaci
1475 3886 1478 3892 ·

240 3972 417 4044 poetarum
442 3966 595 4025 oratione
617 3966 834 4026 inveniuntur
855 3976 890 4025 et
911 3964 1072 4027 nonnulla
1092 3967 1157 4025 iam
1177 3965 1266 4044 apud
1283 3955 1413 4044 priscos

240 4080 361 4151 poetas
386 4072 418 4132 in
446 4091 505 4131 usu
531 4080 642 4145 erant,
666 4073 755 4132 inter
780 4091 865 4152 quos
890 4073 1141 4132 numeravimus
1166 4071 1323 4144 Ennium,
1349 4069 1413 4131 Lu-

241 4180 392 4251 cretium,
418 4174 582 4239 Catullum
609 4177 774 4258 aliosque3
800 4178 862 4238 sed
879 4173 1086 4239 monendum
1110 4187 1164 4238 est
1180 4176 1325 4240 Statium
1344 4197 1412 4239 non

241 4285 306 4345 dici
332 4304 391 4344 eos
417 4285 581 4344 imitatum
611 4304 686 4344 esse
717 4304 843 4364 neque,
871 4287 1005 4345 etiamsi
1035 4283 1199 4345 Aliredus
1223 4283 1345 4345 Klotzl
1369 4305 1413 4344 ex

331 4442 340 4474 ¹
358 4442 555 4494 Klassizismus
569 4443 624 4492 uud
634 4441 823 4493 Archaismus
845 4441 1026 4494 Stilistisches
1040 4459 1073 4492 zu
1086 4441 1191 4494 Statius
1204 4442 1230 4492 in
1244 4442 1327 4492 Arch.
1339 4441 1356 4493 f.
1367 4442 1412 4494 lat.

239 4531 307 4583 Lex.
322 4532 375 4582 vol.
390 4531 444 4582 XV
461 4530 561 4598 (1908),
574 4547 636 4598 pag.
651 4530 784 4597 401sqq.;
804 4529 838 4582 cf.
853 4531 935 4582 etiam
950 4522 1033 4598 supra
1044 4547 1106 4598 pag.
1122 4531 1157 4582 20
1170 4532 1231 4582 adn.
1247 4530 1283 4610 1.
