3440 5328
827 620 1025 679 -4-

288 848 292 856 ,
339 794 506 856 vocabula
535 815 623 876 quae
653 802 779 856 novata
807 803 887 856 sunt
911 815 931 856 a
954 794 1064 857 Statio
1094 794 1234 875 collegit
1263 815 1303 856 ac
1332 796 1510 875 disposuit;

338 900 555 981 Dueringus¹
580 899 708 981 figuras
733 903 898 981 quasdam
928 902 1099 982 quomodo
1120 901 1292 981 Vergilius
1320 902 1511 1008 adhibuerit

338 1009 510 1088 inquisivit
534 1018 569 1068 et
593 1005 680 1068 Stati
709 1009 874 1068 rationem
906 1011 1023 1088 paucis
1052 1010 1233 1089 percurrit,
1250 996 1512 1071 Wilsonit‘tota

340 1117 495 1194 quaestio
525 1115 568 1175 ad
593 1133 694 1175 unum
724 1122 875 1194 tropum,
904 1115 1154 1194 metaphoram,
1183 1124 1333 1195 spectat:
1364 1115 1511 1196 denique

339 1220 554 1301 Deipserus&
577 1241 665 1302 quae
689 1223 774 1282 ratio
799 1223 887 1282 inter
907 1220 1051 1284 Statium
1074 1230 1109 1282 et
1125 1220 1313 1302 Vergilium
1339 1208 1511 1283 Ovifflum-

340 1347 406 1408 que
438 1329 683 1401 intercederet,
719 1330 928 1390 examinavit
963 1337 1067 1408 atque
1105 1330 1219 1389 omnia
1250 1328 1390 1409 protulit
1406 1343 1510 1433 quae

340 1436 427 1496 inter
454 1454 513 1496 eos
537 1436 791 1515 congruebant3
817 1443 992 1496 extremus
1009 1443 1297 1496 commemoratur
1314 1433 1399 1496 Lact
1387 1417 1512 1496 tantius

339 1539 495 1602 Placidus
521 1543 577 1622 qui
601 1542 734 1614 dicitur,
763 1543 857 1602 cuius
885 1542 920 1602 in
945 1543 1191 1602 commentario
1216 1543 1248 1602 in
1273 1541 1452 1602 Thebaida
1476 1550 1513 1604 et

340 1647 531 1709 Achilleida
559 1649 752 1728 conscripto
783 1649 938 1728 quamvis
965 1667 1042 1709 raro
1071 1649 1159 1709 idem
1191 1649 1318 1728 agitur;
1352 1658 1512 1710 recentes

341 1756 515 1816 nominare
534 1754 671 1834 longum
692 1763 752 1817 est.
787 1751 916 1834 Quibus
932 1756 1036 1816 rebus
1052 1756 1275 1816 consideratis
1293 1775 1360 1816 non
1378 1756 1512 1817 videtur

340 1861 455 1922 inutile
477 1881 552 1922 esse
576 1862 696 1922 eadem
715 1863 770 1921 via
791 1881 938 1942 pergere
961 1871 995 1922 et
1016 1863 1096 1922 item
1117 1863 1159 1922 de
1177 1862 1240 1922 alio
1258 1871 1367 1942 tropo,
1391 1881 1511 1942 synec-

340 1967 459 2038 docha,
484 1971 718 2048 quaestionem
744 1969 930 2029 instituere.
970 1966 1130 2030 Seorsum
1156 1988 1257 2029 nemo
1281 1969 1391 2030 adhuc
1409 1969 1451 2030 de
1470 1989 1511 2029 eo

341 2074 510 2147 disseruit,
539 2076 599 2136 nisi
630 2076 721 2155 quod
745 2073 933 2154 Deipserus
963 2094 1029 2136 non
1059 2074 1149 2135 nulla
1178 2075 1337 2155 exempla
1365 2074 1512 2155 collegit,

340 2201 482 2262 quorum
509 2181 627 2242 similia
651 2183 684 2242 in
700 2180 843 2262 Vergilii
861 2180 1041 2262 Ovidiique
1066 2183 1272 2243 carminibus
1288 2184 1512 2262 reperiuntur,

340 2298 376 2348 et
390 2286 588 2349 Lactantius
601 2287 766 2360 Placidus
784 2291 840 2368 qui
854 2289 960 2349 semel
973 2298 1103 2349 tantum
1119 2289 1359 2369 synecdochae
1375 2291 1510 2349 nomine

341 2397 444 2456 utitur
473 2405 507 2455 et
535 2414 612 2455 raro
642 2396 713 2455 eius
741 2397 908 2456 rationem
939 2397 1064 2474 tangit.
1097 2403 1212 2456 tamen
1241 2393 1509 2475 frequentiorem

340 2502 430 2562 hunc
459 2509 592 2582 tropum
624 2520 699 2562 esse
729 2502 976 2562 animadvertit.
1024 2499 1093 2564 Sed
1122 2501 1310 2582 Deipserus
1334 2500 1512 2564 Thebaida

340 2617 470 2669 tautum
489 2609 651 2670 tractavit
667 2616 703 2668 et
719 2628 761 2670 ea
778 2593 937 2688 exempla
954 2628 1043 2688 quae
1060 2610 1268 2670 conveniunt
1284 2628 1359 2670 cum
1370 2606 1510 2688 Vergilii

341 2712 521 2794 Ovidiique
538 2715 670 2776 ratione
687 2715 821 2776 dicendi
839 2715 957 2788 attulit,
971 2716 1083 2776 omisit
1099 2735 1181 2776 vero
1200 2734 1288 2795 quae
1306 2716 1511 2795 discrepant.

339 2821 390 2882 At
414 2822 478 2883 hac
503 2823 535 2882 iu
561 2824 761 2902 quaestione
780 2842 824 2882 ex
840 2823 996 2882 omnibus
1013 2820 1101 2883 Stati
1121 2823 1328 2884 carminibus
1352 2822 1512 2902 exempla

341 2928 554 3008 colliguntur,
579 2940 742 3008 quantum
768 2926 840 2989 fieri
864 2936 988 3008 potest,
1013 2949 1126 3010 neque
1150 2929 1256 2989 solum
1284 2927 1511 3009 proferuntur,

340 3035 515 3096 sedetiam
531 3043 626 3096 certa
638 3037 770 3096 ratione
785 3036 1018 3115 disponuntur.
1042 3034 1165 3116 Neque
1179 3037 1267 3096 enim
1283 3055 1325 3096 ea
1335 3037 1389 3097 via
1402 3037 1511 3109 initur,

341 3160 409 3221 qua
425 3143 540 3216 ceteri,
558 3143 614 3222 qui
631 3142 769 3203 aliorum
787 3143 988 3222 scriptorum
1007 3150 1125 3222 tropos
1145 3144 1436 3216 examinaverunt,
1454 3151 1512 3203 aut

340 3248 412 3309 sola
427 3247 586 3328 exempla
602 3257 891 3310 enumeraverunt
903 3259 960 3310 ant
974 3249 1194 3328 comparandi
1206 3247 1508 3328 gratiaVergilium

340 3354 393 3416 vel
423 3352 580 3415 Ovidium
614 3365 855 3436 respexerunt,
889 3375 952 3416 nec
986 3353 1215 3418 Stietzelium⁴
1247 3357 1421 3436 sequimur
1455 3357 1510 3435 qui

342 3462 497 3523 omnibus
510 3461 676 3542 exemplis
690 3461 797 3523 allati's
810 3481 962 3524 seorsum
977 3482 1019 3524 ea
1033 3481 1121 3542 quae
1134 3461 1357 3542 cumVergilii
1370 3481 1511 3523 cousue-

341 3567 458 3630 tudine
491 3566 652 3649 loquendi
684 3578 890 3649 congruant,
922 3577 993 3630 tum
1028 3588 1116 3649 quae
1149 3569 1358 3630 abhorreant
1391 3569 1433 3629 ab
1470 3589 1512 3630 ea

271 3740 273 3744 ,
342 3684 377 3735 et
407 3673 566 3736 Martialis
594 3676 698 3755 ipsius
726 3675 782 3736 vel
810 3677 881 3738 eius
909 3677 1031 3736 aetatis
1059 3676 1242 3737 videantur
1270 3694 1346 3735 esse
1375 3677 1512 3755 propria

342 3783 563 3855 enumeravit,
586 3782 656 3856 sed,
681 3790 717 3842 ut
738 3790 897 3843 teneatur
918 3782 951 3842 id
969 3782 1060 3862 quod
1080 3782 1113 3842 in
1130 3780 1352 3861 praelationis
1370 3783 1510 3844 exordio

342 3889 551 3968 propositum
569 3897 629 3962 est,
645 3887 779 3967 singula
797 3907 884 3969 quae
901 3888 993 3968 apud
1006 3886 1150 3950 Statium
1165 3889 1383 3949 inveniuntur
1399 3896 1509 3949 utrum

431 4045 441 4076 ¹
459 4045 510 4096 Th.
521 4045 634 4111 Dtiring,
647 4044 810 4112 DeVergilii
822 4060 949 4097 sermone
961 4046 1041 4113 epico
1052 4046 1143 4113 capita
1153 4045 1268 4106 selecta,
1279 4045 1345 4098 diss.
1352 4043 1425 4098 Gott.
1435 4045 1510 4097 1905.

431 4134 441 4164 ²
459 4133 719 4200 LangfordWilson,
732 4135 794 4186 The
805 4135 950 4202 metaphor
963 4135 990 4185 in
1000 4135 1048 4188 the
1059 4135 1121 4202 epic
1131 4149 1230 4202 poems
1241 4134 1271 4186 of
1279 4133 1309 4186 Ρ.
1320 4134 1387 4202 Pap.
1399 4134 1511 4196 Statius,

342 4223 406 4276 diss.
420 4222 527 4275 Baltim.
544 4223 629 4275 1898:

431 4311 560 4364 ⁸-Bernh,
575 4313 704 4380 Deipser,
722 4313 767 4365 De
787 4312 816 4364 Ρ.
836 4312 949 4380 Papinio
969 4312 1057 4364 Statio
1071 4312 1185 4379 Vergilii
1204 4318 1234 4364 et
1253 4311 1347 4364 Ovidii
1366 4313 1511 4374 imitatore,

342 4401 407 4454 diss·
421 4387 535 4468 Argent.
552 4401 645 4452 1881
639 4419 665 4452 m
685 4402 750 4453 diss.
764 4402 857 4469 philol.
871 4402 985 4468 Argent
1001 4401 1055 4453 vol.
1063 4402 1088 4452 V
1101 4401 1203 4466 (1881).

430 4491 442 4522 ⁴
460 4490 549 4543 Gualt
566 4490 689 4551 Stietzel,
709 4490 753 4541 De
772 4491 954 4558 synecdoche
973 4491 1089 4557 eiusque
1109 4491 1135 4540 in
1155 4490 1287 4542 Martialis
1306 4490 1512 4558 epigrammatis

342 4595 401 4641 usu,
421 4579 487 4632 diss.
499 4581 557 4632 len.
572 4579 648 4631 1907.
