<?xml version="1.0" encoding="UTF-8"?>
<!DOCTYPE html PUBLIC "-//W3C//DTD XHTML 1.0 Transitional//EN"
    "http://www.w3.org/TR/xhtml1/DTD/xhtml1-transitional.dtd">
<html xmlns="http://www.w3.org/1999/xhtml" xml:lang="en" lang="en">
 <head>
  <title>
</title>
<meta http-equiv="Content-Type" content="text/html;charset=utf-8" />
  <meta name='ocr-system' content='tesseract 3.04.00' />
  <meta name='ocr-capabilities' content='ocr_page ocr_carea ocr_par ocr_line ocrx_word'/>
</head>
<body>
  <div class='ocr_page' id='page_1' title='image "./desynecdochaeap00lundgoog_0089.png"; bbox 0 0 3388 5324; ppageno 0'>
   <div class='ocr_carea' id='block_1_1' title="bbox 751 571 971 632">
    <p class='ocr_par' dir='ltr' id='par_1_1' title="bbox 751 571 971 632">
     <span class='ocr_line' id='line_1_1' title="bbox 751 571 971 632; baseline 0 -18"><span class='ocrx_word' id='word_1_1' title='bbox 751 571 971 632; x_wconf 67' lang='grc'>,76-</span> 
     </span>
    </p>
   </div>
   <div class='ocr_carea' id='block_1_2' title="bbox 274 746 1448 936">
    <p class='ocr_par' dir='ltr' id='par_1_2' title="bbox 274 746 1448 936">
     <span class='ocr_line' id='line_1_2' title="bbox 275 746 1447 828; baseline -0.003 -19"><span class='ocrx_word' id='word_1_2' title='bbox 275 749 441 810; x_wconf 86' lang='lat' dir='ltr'>nonnullis</span> <span class='ocrx_word' id='word_1_3' title='bbox 469 749 735 828; x_wconf 84' lang='lat' dir='ltr'>proprietatibus</span> <span class='ocrx_word' id='word_1_4' title='bbox 764 746 910 810; x_wconf 84' lang='lat' dir='ltr'>Statium</span> <span class='ocrx_word' id='word_1_5' title='bbox 940 767 1016 808; x_wconf 93' lang='lat' dir='ltr'>cum</span> <span class='ocrx_word' id='word_1_6' title='bbox 1047 747 1185 808; x_wconf 91' lang='lat' dir='ltr'>consilio</span> <span class='ocrx_word' id='word_1_7' title='bbox 1219 747 1262 807; x_wconf 89' lang='lat' dir='ltr'>ad</span> <span class='ocrx_word' id='word_1_8' title='bbox 1291 746 1364 808; x_wconf 93' lang='lat' dir='ltr'>illos</span> <span class='ocrx_word' id='word_1_9' title='bbox 1397 767 1447 807; x_wconf 89' lang='lat' dir='ltr'>re-</span> 
     </span>
     <span class='ocr_line' id='line_1_3' title="bbox 274 835 1448 936; baseline -0.002 -20"><span class='ocrx_word' id='word_1_10' title='bbox 274 835 429 936; x_wconf 86' lang='lat' dir='ltr'>spexisse</span> <span class='ocrx_word' id='word_1_11' title='bbox 451 854 624 928; x_wconf 86' lang='lat' dir='ltr'>conclusit,</span> <span class='ocrx_word' id='word_1_12' title='bbox 649 875 716 935; x_wconf 90' lang='lat' dir='ltr'>qua</span> <span class='ocrx_word' id='word_1_13' title='bbox 734 856 776 915; x_wconf 92' lang='lat' dir='ltr'>de</span> <span class='ocrx_word' id='word_1_14' title='bbox 794 857 965 915; x_wconf 88' lang='lat' dir='ltr'>sententia</span> <span class='ocrx_word' id='word_1_15' title='bbox 984 857 1084 915; x_wconf 85' lang='lat' dir='ltr'>etiam</span> <span class='ocrx_word' id='word_1_16' title='bbox 1105 855 1270 914; x_wconf 79' lang='lat' dir='ltr'>dubitatio</span> <span class='ocrx_word' id='word_1_17' title='bbox 1290 854 1448 923; x_wconf 72' lang='lat' dir='ltr'>exstititl,</span> 
     </span>
    </p>
   </div>
   <div class='ocr_carea' id='block_1_3' title="bbox 152 961 1445 1042">
    <p class='ocr_par' dir='ltr' id='par_1_3' title="bbox 152 961 1445 1042">
     <span class='ocr_line' id='line_1_4' title="bbox 152 961 1445 1042; baseline -0.002 -19"><span class='ocrx_word' id='word_1_18' title='bbox 152 995 154 1001; x_wconf 94' lang='lat'>·</span> <span class='ocrx_word' id='word_1_19' title='bbox 229 1035 231 1039; x_wconf 23' lang='grc' dir='ltr'>Ι</span> <span class='ocrx_word' id='word_1_20' title='bbox 275 983 319 1023; x_wconf 89' lang='lat' dir='ltr'>ex</span> <span class='ocrx_word' id='word_1_21' title='bbox 336 962 399 1022; x_wconf 85' lang='lat' dir='ltr'>hac</span> <span class='ocrx_word' id='word_1_22' title='bbox 418 965 673 1042; x_wconf 87' lang='lat' dir='ltr'>comparatione</span> <span class='ocrx_word' id='word_1_23' title='bbox 689 964 868 1041; x_wconf 88' lang='lat' dir='ltr'>quicquam</span> <span class='ocrx_word' id='word_1_24' title='bbox 890 961 1036 1022; x_wconf 84' lang='lat' dir='ltr'>efficitur</span> <span class='ocrx_word' id='word_1_25' title='bbox 1053 961 1096 1021; x_wconf 85' lang='lat' dir='ltr'>ad</span> <span class='ocrx_word' id='word_1_26' title='bbox 1109 962 1198 1022; x_wconf 88' lang='lat' dir='ltr'>hanc</span> <span class='ocrx_word' id='word_1_27' title='bbox 1212 963 1445 1041; x_wconf 85' lang='lat' dir='ltr'>quaestionem</span> 
     </span>
    </p>
   </div>
   <div class='ocr_carea' id='block_1_4' title="bbox 206 1067 1549 4246">
    <p class='ocr_par' dir='ltr' id='par_1_4' title="bbox 206 1067 1549 4246">
     <span class='ocr_line' id='line_1_5' title="bbox 275 1067 1447 1149; baseline -0.002 -20"><span class='ocrx_word' id='word_1_28' title='bbox 275 1070 533 1141; x_wconf 78' lang='lat' dir='ltr'>diiudicandum,</span> <span class='ocrx_word' id='word_1_29' title='bbox 558 1071 718 1149; x_wconf 90' lang='lat' dir='ltr'>quoniam</span> <span class='ocrx_word' id='word_1_30' title='bbox 744 1069 880 1129; x_wconf 89' lang='lat' dir='ltr'>easdem</span> <span class='ocrx_word' id='word_1_31' title='bbox 908 1068 1096 1128; x_wconf 90' lang='lat' dir='ltr'>locutiones</span> <span class='ocrx_word' id='word_1_32' title='bbox 1122 1069 1222 1128; x_wconf 86' lang='lat' dir='ltr'>etiam</span> <span class='ocrx_word' id='word_1_33' title='bbox 1251 1069 1341 1147; x_wconf 88' lang='lat' dir='ltr'>apud</span> <span class='ocrx_word' id='word_1_34' title='bbox 1361 1067 1447 1128; x_wconf 89' lang='lat' dir='ltr'>Ver-</span> 
     </span>
     <span class='ocr_line' id='line_1_6' title="bbox 274 1175 1447 1256; baseline -0.002 -20"><span class='ocrx_word' id='word_1_35' title='bbox 274 1176 390 1254; x_wconf 88' lang='lat' dir='ltr'>gilium</span> <span class='ocrx_word' id='word_1_36' title='bbox 409 1177 549 1256; x_wconf 83' lang='lat' dir='ltr'>eiusque</span> <span class='ocrx_word' id='word_1_37' title='bbox 569 1176 729 1256; x_wconf 76' lang='lat' dir='ltr'>aequales</span> <span class='ocrx_word' id='word_1_38' title='bbox 744 1183 880 1236; x_wconf 87' lang='lat' dir='ltr'>exstare</span> <span class='ocrx_word' id='word_1_39' title='bbox 895 1176 1041 1254; x_wconf 85' lang='lat' dir='ltr'>ideoque</span> <span class='ocrx_word' id='word_1_40' title='bbox 1056 1177 1098 1235; x_wconf 89' lang='lat' dir='ltr'>ab</span> <span class='ocrx_word' id='word_1_41' title='bbox 1113 1175 1163 1235; x_wconf 90' lang='lat' dir='ltr'>his</span> <span class='ocrx_word' id='word_1_42' title='bbox 1176 1176 1282 1254; x_wconf 84' lang='lat' dir='ltr'>recipi</span> <span class='ocrx_word' id='word_1_43' title='bbox 1296 1177 1447 1253; x_wconf 89' lang='lat' dir='ltr'>potuisse</span> 
     </span>
     <span class='ocr_line' id='line_1_7' title="bbox 275 1281 1447 1362; baseline -0.002 -20"><span class='ocrx_word' id='word_1_44' title='bbox 275 1303 293 1341; x_wconf 86' lang='lat' dir='ltr'>e</span> <span class='ocrx_word' id='word_1_45' title='bbox 321 1282 401 1343; x_wconf 90' lang='lat' dir='ltr'>locis</span> <span class='ocrx_word' id='word_1_46' title='bbox 427 1281 556 1343; x_wconf 89' lang='lat' dir='ltr'>collatis</span> <span class='ocrx_word' id='word_1_47' title='bbox 582 1285 816 1362; x_wconf 81' lang='lat' dir='ltr'>cognoscitur,</span> <span class='ocrx_word' id='word_1_48' title='bbox 849 1284 1048 1362; x_wconf 83' lang='lat' dir='ltr'>praesertim</span> <span class='ocrx_word' id='word_1_49' title='bbox 1080 1301 1156 1342; x_wconf 94' lang='lat' dir='ltr'>cum</span> <span class='ocrx_word' id='word_1_50' title='bbox 1186 1283 1321 1342; x_wconf 90' lang='lat' dir='ltr'>omniuo</span> <span class='ocrx_word' id='word_1_51' title='bbox 1349 1281 1447 1360; x_wconf 91' lang='lat' dir='ltr'>pluri-</span> 
     </span>
     <span class='ocr_line' id='line_1_8' title="bbox 275 1389 1448 1468; baseline -0.001 -19"><span class='ocrx_word' id='word_1_52' title='bbox 275 1409 351 1449; x_wconf 89' lang='lat' dir='ltr'>mae</span> <span class='ocrx_word' id='word_1_53' title='bbox 377 1391 588 1468; x_wconf 86' lang='lat' dir='ltr'>temporibus</span> <span class='ocrx_word' id='word_1_54' title='bbox 610 1391 759 1468; x_wconf 79' lang='lat' dir='ltr'>Augusti</span> <span class='ocrx_word' id='word_1_55' title='bbox 784 1390 816 1449; x_wconf 89' lang='lat' dir='ltr'>in</span> <span class='ocrx_word' id='word_1_56' title='bbox 843 1409 902 1448; x_wconf 93' lang='lat' dir='ltr'>usu</span> <span class='ocrx_word' id='word_1_57' title='bbox 928 1391 1055 1448; x_wconf 83' lang='lat' dir='ltr'>versari</span> <span class='ocrx_word' id='word_1_58' title='bbox 1080 1389 1235 1468; x_wconf 86' lang='lat' dir='ltr'>coepisse</span> <span class='ocrx_word' id='word_1_59' title='bbox 1260 1389 1448 1448; x_wconf 84' lang='lat' dir='ltr'>videantur.</span> 
     </span>
     <span class='ocr_line' id='line_1_9' title="bbox 276 1479 1446 1575; baseline 0 -21"><span class='ocrx_word' id='word_1_60' title='bbox 276 1497 411 1556; x_wconf 86' lang='lat' dir='ltr'>Aetatis</span> <span class='ocrx_word' id='word_1_61' title='bbox 435 1498 612 1575; x_wconf 78' lang='lat' dir='ltr'>proximae</span> <span class='ocrx_word' id='word_1_62' title='bbox 637 1505 762 1575; x_wconf 88' lang='lat' dir='ltr'>poetae</span> <span class='ocrx_word' id='word_1_63' title='bbox 787 1497 971 1574; x_wconf 86' lang='lat' dir='ltr'>praecipue</span> <span class='ocrx_word' id='word_1_64' title='bbox 982 1494 1169 1574; x_wconf 90' lang='lat' dir='ltr'>Vergilium</span> <span class='ocrx_word' id='word_1_65' title='bbox 1193 1495 1344 1574; x_wconf 81' lang='lat' dir='ltr'>aliosque</span> <span class='ocrx_word' id='word_1_66' title='bbox 1362 1479 1446 1554; x_wconf 87' lang='lat' dir='ltr'>eius-</span> 
     </span>
     <span class='ocr_line' id='line_1_10' title="bbox 275 1602 1448 1682; baseline -0.002 -20"><span class='ocrx_word' id='word_1_67' title='bbox 275 1603 350 1662; x_wconf 86' lang='lat' dir='ltr'>dem</span> <span class='ocrx_word' id='word_1_68' title='bbox 383 1605 505 1663; x_wconf 88' lang='lat' dir='ltr'>aetatis</span> <span class='ocrx_word' id='word_1_69' title='bbox 534 1612 655 1682; x_wconf 85' lang='lat' dir='ltr'>poetas</span> <span class='ocrx_word' id='word_1_70' title='bbox 679 1605 787 1663; x_wconf 87' lang='lat' dir='ltr'>secuti</span> <span class='ocrx_word' id='word_1_71' title='bbox 812 1613 891 1662; x_wconf 89' lang='lat' dir='ltr'>sunt</span> <span class='ocrx_word' id='word_1_72' title='bbox 916 1602 1062 1681; x_wconf 88' lang='lat' dir='ltr'>ideoque</span> <span class='ocrx_word' id='word_1_73' title='bbox 1089 1622 1280 1662; x_wconf 87' lang='lat' dir='ltr'>sermonem</span> <span class='ocrx_word' id='word_1_74' title='bbox 1309 1622 1375 1663; x_wconf 92' lang='lat' dir='ltr'>non</span> <span class='ocrx_word' id='word_1_75' title='bbox 1402 1603 1448 1660; x_wconf 89' lang='lat' dir='ltr'>ita</span> 
     </span>
     <span class='ocr_line' id='line_1_11' title="bbox 275 1707 1449 1789; baseline 0 -21"><span class='ocrx_word' id='word_1_76' title='bbox 275 1719 457 1781; x_wconf 89' lang='lat' dir='ltr'>auxerunt;</span> <span class='ocrx_word' id='word_1_77' title='bbox 488 1711 604 1789; x_wconf 89' lang='lat' dir='ltr'>itaque</span> <span class='ocrx_word' id='word_1_78' title='bbox 634 1729 743 1789; x_wconf 88' lang='lat' dir='ltr'>pauca</span> <span class='ocrx_word' id='word_1_79' title='bbox 768 1708 928 1788; x_wconf 84' lang='lat' dir='ltr'>exempla</span> <span class='ocrx_word' id='word_1_80' title='bbox 955 1710 996 1768; x_wconf 86' lang='lat' dir='ltr'>ad</span> <span class='ocrx_word' id='word_1_81' title='bbox 1022 1728 1082 1769; x_wconf 91' lang='lat' dir='ltr'>eos</span> <span class='ocrx_word' id='word_1_82' title='bbox 1107 1708 1308 1770; x_wconf 86' lang='lat' dir='ltr'>referuntur.</span> <span class='ocrx_word' id='word_1_83' title='bbox 1355 1707 1449 1768; x_wconf 89' lang='lat' dir='ltr'>Inter</span> 
     </span>
     <span class='ocr_line' id='line_1_12' title="bbox 274 1813 1447 1896; baseline -0.003 -20"><span class='ocrx_word' id='word_1_84' title='bbox 274 1815 374 1877; x_wconf 83' lang='lat' dir='ltr'>silvas</span> <span class='ocrx_word' id='word_1_85' title='bbox 392 1829 427 1876; x_wconf 90' lang='lat' dir='ltr'>et</span> <span class='ocrx_word' id='word_1_86' title='bbox 445 1818 543 1896; x_wconf 86' lang='lat' dir='ltr'>epica</span> <span class='ocrx_word' id='word_1_87' title='bbox 556 1818 715 1889; x_wconf 87' lang='lat' dir='ltr'>carmina,</span> <span class='ocrx_word' id='word_1_88' title='bbox 734 1826 769 1875; x_wconf 93' lang='lat' dir='ltr'>ut</span> <span class='ocrx_word' id='word_1_89' title='bbox 782 1817 846 1876; x_wconf 89' lang='lat' dir='ltr'>iam</span> <span class='ocrx_word' id='word_1_90' title='bbox 863 1815 984 1876; x_wconf 88' lang='lat' dir='ltr'>leviter</span> <span class='ocrx_word' id='word_1_91' title='bbox 997 1813 1270 1894; x_wconf 85' lang='lat' dir='ltr'>significavimus,</span> <span class='ocrx_word' id='word_1_92' title='bbox 1287 1814 1447 1876; x_wconf 87' lang='lat' dir='ltr'>nonnihil</span> 
     </span>
     <span class='ocr_line' id='line_1_13' title="bbox 274 1921 1445 2002; baseline -0.001 -20"><span class='ocrx_word' id='word_1_93' title='bbox 274 1925 426 1997; x_wconf 91' lang='lat' dir='ltr'>interest,</span> <span class='ocrx_word' id='word_1_94' title='bbox 451 1943 528 1982; x_wconf 87' lang='lat' dir='ltr'>nam</span> <span class='ocrx_word' id='word_1_95' title='bbox 554 1924 641 1984; x_wconf 88' lang='lat' dir='ltr'>haec</span> <span class='ocrx_word' id='word_1_96' title='bbox 666 1925 776 2001; x_wconf 86' lang='lat' dir='ltr'>magis</span> <span class='ocrx_word' id='word_1_97' title='bbox 794 1942 893 2002; x_wconf 84' lang='lat' dir='ltr'>quam</span> <span class='ocrx_word' id='word_1_98' title='bbox 916 1921 991 1982; x_wconf 91' lang='lat' dir='ltr'>illae</span> <span class='ocrx_word' id='word_1_99' title='bbox 1012 1922 1055 1982; x_wconf 88' lang='lat' dir='ltr'>ad</span> <span class='ocrx_word' id='word_1_100' title='bbox 1075 1924 1224 2002; x_wconf 88' lang='lat' dir='ltr'>priorum</span> <span class='ocrx_word' id='word_1_101' title='bbox 1245 1924 1445 2001; x_wconf 91' lang='lat' dir='ltr'>scriptorum</span> 
     </span>
     <span class='ocr_line' id='line_1_14' title="bbox 277 2027 1445 2110; baseline -0.001 -21"><span class='ocrx_word' id='word_1_102' title='bbox 277 2049 369 2090; x_wconf 92' lang='lat' dir='ltr'>usum</span> <span class='ocrx_word' id='word_1_103' title='bbox 402 2029 562 2110; x_wconf 89' lang='lat' dir='ltr'>loquendi</span> <span class='ocrx_word' id='word_1_104' title='bbox 586 2039 745 2110; x_wconf 86' lang='lat' dir='ltr'>spectare</span> <span class='ocrx_word' id='word_1_105' title='bbox 771 2029 936 2091; x_wconf 85' lang='lat' dir='ltr'>videntur.</span> <span class='ocrx_word' id='word_1_106' title='bbox 979 2027 1124 2109; x_wconf 86' lang='lat' dir='ltr'>Semper</span> <span class='ocrx_word' id='word_1_107' title='bbox 1148 2028 1220 2089; x_wconf 86' lang='lat' dir='ltr'>fere</span> <span class='ocrx_word' id='word_1_108' title='bbox 1246 2027 1320 2109; x_wconf 92' lang='lat' dir='ltr'>plus</span> <span class='ocrx_word' id='word_1_109' title='bbox 1346 2047 1445 2108; x_wconf 86' lang='lat' dir='ltr'>quam</span> 
     </span>
     <span class='ocr_line' id='line_1_15' title="bbox 259 2136 1446 2216; baseline -0.002 -20"><span class='ocrx_word' id='word_1_110' title='bbox 259 2136 402 2216; x_wconf 84' lang='lat' dir='ltr'>-duplex</span> <span class='ocrx_word' id='word_1_111' title='bbox 431 2157 590 2197; x_wconf 89' lang='lat' dir='ltr'>numerus</span> <span class='ocrx_word' id='word_1_112' title='bbox 615 2137 849 2216; x_wconf 88' lang='lat' dir='ltr'>exemplorum</span> <span class='ocrx_word' id='word_1_113' title='bbox 881 2137 912 2195; x_wconf 91' lang='lat' dir='ltr'>in</span> <span class='ocrx_word' id='word_1_114' title='bbox 938 2137 1043 2215; x_wconf 87' lang='lat' dir='ltr'>epicis</span> <span class='ocrx_word' id='word_1_115' title='bbox 1068 2136 1208 2215; x_wconf 88' lang='lat' dir='ltr'>legitur:</span> <span class='ocrx_word' id='word_1_116' title='bbox 1239 2136 1281 2195; x_wconf 90' lang='lat' dir='ltr'>ad</span> <span class='ocrx_word' id='word_1_117' title='bbox 1311 2153 1446 2214; x_wconf 83' lang='lat' dir='ltr'>prosam</span> 
     </span>
     <span class='ocr_line' id='line_1_16' title="bbox 274 2227 1549 2331; baseline -0.002 -29"><span class='ocrx_word' id='word_1_118' title='bbox 274 2242 470 2304; x_wconf 79' lang='lat' dir='ltr'>referuntur</span> <span class='ocrx_word' id='word_1_119' title='bbox 486 2264 505 2303; x_wconf 89' lang='lat' dir='ltr'>e</span> <span class='ocrx_word' id='word_1_120' title='bbox 522 2244 612 2304; x_wconf 90' lang='lat' dir='ltr'>silvis</span> <span class='ocrx_word' id='word_1_121' title='bbox 632 2247 681 2318; x_wconf 91' lang='grc'>15,</span> <span class='ocrx_word' id='word_1_122' title='bbox 699 2264 742 2304; x_wconf 83' lang='lat' dir='ltr'>ex</span> <span class='ocrx_word' id='word_1_123' title='bbox 760 2244 864 2322; x_wconf 87' lang='lat' dir='ltr'>epicis</span> <span class='ocrx_word' id='word_1_124' title='bbox 882 2246 922 2303; x_wconf 88' lang='grc'>37</span> <span class='ocrx_word' id='word_1_125' title='bbox 942 2227 1000 2322; x_wconf 82' lang='lat' dir='ltr'>(ex</span> <span class='ocrx_word' id='word_1_126' title='bbox 1018 2255 1162 2321; x_wconf 86' lang='lat' dir='ltr'>utroque</span> <span class='ocrx_word' id='word_1_127' title='bbox 1179 2261 1310 2321; x_wconf 80' lang='lat' dir='ltr'>genere</span> <span class='ocrx_word' id='word_1_128' title='bbox 1322 2245 1387 2321; x_wconf 79' lang='grc'>47),</span> <span class='ocrx_word' id='word_1_129' title='bbox 1405 2241 1446 2300; x_wconf 86' lang='lat' dir='ltr'>ad</span> <span class='ocrx_word' id='word_1_130' title='bbox 1546 2325 1549 2331; x_wconf 24' lang='grc' dir='ltr'>Ι</span> 
     </span>
     <span class='ocr_line' id='line_1_17' title="bbox 274 2350 1448 2429; baseline -0.002 -19"><span class='ocrx_word' id='word_1_131' title='bbox 274 2352 403 2429; x_wconf 90' lang='lat' dir='ltr'>priscos</span> <span class='ocrx_word' id='word_1_132' title='bbox 421 2360 542 2429; x_wconf 87' lang='lat' dir='ltr'>poetas</span> <span class='ocrx_word' id='word_1_133' title='bbox 558 2353 622 2426; x_wconf 46' lang='lat'>34.</span> <span class='ocrx_word' id='word_1_134' title='bbox 635 2353 782 2428; x_wconf 50' lang='grc'>121-25,</span> <span class='ocrx_word' id='word_1_135' title='bbox 803 2351 846 2410; x_wconf 90' lang='lat' dir='ltr'>ad</span> <span class='ocrx_word' id='word_1_136' title='bbox 862 2351 1012 2429; x_wconf 89' lang='lat' dir='ltr'>Augusti</span> <span class='ocrx_word' id='word_1_137' title='bbox 1034 2356 1182 2409; x_wconf 86' lang='lat' dir='ltr'>aetatem</span> <span class='ocrx_word' id='word_1_138' title='bbox 1202 2352 1243 2410; x_wconf 86' lang='lat'>43</span> <span class='ocrx_word' id='word_1_139' title='bbox 1255 2354 1289 2424; x_wconf 63' lang='lat' dir='ltr'>l-</span> <span class='ocrx_word' id='word_1_140' title='bbox 1300 2350 1342 2418; x_wconf 86' lang='grc'>94</span> <span class='ocrx_word' id='word_1_141' title='bbox 1352 2353 1387 2422; x_wconf 53' lang='grc'>1-</span> <span class='ocrx_word' id='word_1_142' title='bbox 1397 2350 1448 2421; x_wconf 87' lang='grc'>80,</span> 
     </span>
     <span class='ocr_line' id='line_1_18' title="bbox 276 2455 1497 2530; baseline -0.001 -14"><span class='ocrx_word' id='word_1_143' title='bbox 276 2458 454 2517; x_wconf 89' lang='lat' dir='ltr'>universim</span> <span class='ocrx_word' id='word_1_144' title='bbox 482 2467 704 2518; x_wconf 84' lang='lat' dir='ltr'>numerantur</span> <span class='ocrx_word' id='word_1_145' title='bbox 729 2458 1021 2530; x_wconf 70' lang='lat'>61†143÷152.</span> <span class='ocrx_word' id='word_1_146' title='bbox 1060 2455 1135 2516; x_wconf 79' lang='lat' dir='ltr'>Nec</span> <span class='ocrx_word' id='word_1_147' title='bbox 1159 2455 1305 2516; x_wconf 87' lang='lat' dir='ltr'>alienum</span> <span class='ocrx_word' id='word_1_148' title='bbox 1331 2466 1384 2514; x_wconf 90' lang='lat' dir='ltr'>est</span> <span class='ocrx_word' id='word_1_149' title='bbox 1405 2455 1447 2514; x_wconf 90' lang='lat' dir='ltr'>ab</span> <span class='ocrx_word' id='word_1_150' title='bbox 1495 2512 1497 2515; x_wconf 79' lang='grc'><em>.</em></span> 
     </span>
     <span class='ocr_line' id='line_1_19' title="bbox 206 2563 1444 2644; baseline -0.002 -21"><span class='ocrx_word' id='word_1_151' title='bbox 206 2596 208 2601; x_wconf 92' lang='grc'>-</span> <span class='ocrx_word' id='word_1_152' title='bbox 274 2563 327 2623; x_wconf 87' lang='lat' dir='ltr'>illa</span> <span class='ocrx_word' id='word_1_153' title='bbox 344 2566 525 2631; x_wconf 79' lang='lat' dir='ltr'>sententia.</span> <span class='ocrx_word' id='word_1_154' title='bbox 542 2565 634 2644; x_wconf 90' lang='lat' dir='ltr'>quod</span> <span class='ocrx_word' id='word_1_155' title='bbox 650 2566 821 2625; x_wconf 88' lang='lat' dir='ltr'>contraria</span> <span class='ocrx_word' id='word_1_156' title='bbox 835 2565 970 2624; x_wconf 88' lang='lat' dir='ltr'>ratione·</span> <span class='ocrx_word' id='word_1_157' title='bbox 988 2563 1031 2624; x_wconf 91' lang='lat' dir='ltr'>ad</span> <span class='ocrx_word' id='word_1_158' title='bbox 1049 2564 1274 2642; x_wconf 89' lang='lat' dir='ltr'>posteriorem</span> <span class='ocrx_word' id='word_1_159' title='bbox 1296 2569 1444 2622; x_wconf 87' lang='lat' dir='ltr'>aetatem</span> 
     </span>
     <span class='ocr_line' id='line_1_20' title="bbox 274 2671 1378 2750; baseline -0.002 -20"><span class='ocrx_word' id='word_1_160' title='bbox 274 2673 447 2750; x_wconf 87' lang='lat' dir='ltr'>pertinent</span> <span class='ocrx_word' id='word_1_161' title='bbox 471 2691 490 2731; x_wconf 88' lang='lat' dir='ltr'>e</span> <span class='ocrx_word' id='word_1_162' title='bbox 515 2671 605 2732; x_wconf 83' lang='lat' dir='ltr'>silvis</span> <span class='ocrx_word' id='word_1_163' title='bbox 633 2674 680 2744; x_wconf 82' lang='lat'>15,</span> <span class='ocrx_word' id='word_1_164' title='bbox 705 2691 750 2731; x_wconf 89' lang='lat' dir='ltr'>ex</span> <span class='ocrx_word' id='word_1_165' title='bbox 776 2671 880 2750; x_wconf 87' lang='lat' dir='ltr'>epicis</span> <span class='ocrx_word' id='word_1_166' title='bbox 907 2673 934 2742; x_wconf 82' lang='lat'>7,</span> <span class='ocrx_word' id='word_1_167' title='bbox 959 2690 1004 2730; x_wconf 85' lang='lat' dir='ltr'>ex</span> <span class='ocrx_word' id='word_1_168' title='bbox 1029 2678 1173 2749; x_wconf 88' lang='lat' dir='ltr'>utroque</span> <span class='ocrx_word' id='word_1_169' title='bbox 1199 2689 1329 2748; x_wconf 89' lang='lat' dir='ltr'>genere</span> <span class='ocrx_word' id='word_1_170' title='bbox 1352 2671 1378 2728; x_wconf 83' lang='lat'>7.</span> 
     </span>
     <span class='ocr_line' id='line_1_21' title="bbox 364 2773 1448 2858; baseline -0.004 -20"><span class='ocrx_word' id='word_1_171' title='bbox 364 2775 459 2856; x_wconf 82' lang='lat' dir='ltr'>Quae</span> <span class='ocrx_word' id='word_1_172' title='bbox 489 2787 622 2838; x_wconf 91' lang='lat' dir='ltr'>restant</span> <span class='ocrx_word' id='word_1_173' title='bbox 656 2778 813 2858; x_wconf 88' lang='lat' dir='ltr'>exempla</span> <span class='ocrx_word' id='word_1_174' title='bbox 844 2798 885 2837; x_wconf 90' lang='lat' dir='ltr'>ea</span> <span class='ocrx_word' id='word_1_175' title='bbox 914 2785 972 2837; x_wconf 90' lang='lat' dir='ltr'>aut</span> <span class='ocrx_word' id='word_1_176' title='bbox 1001 2797 1021 2836; x_wconf 90' lang='lat' dir='ltr'>a</span> <span class='ocrx_word' id='word_1_177' title='bbox 1046 2773 1156 2837; x_wconf 84' lang='lat' dir='ltr'>Statio</span> <span class='ocrx_word' id='word_1_178' title='bbox 1187 2778 1259 2856; x_wconf 86' lang='lat' dir='ltr'>ipso</span> <span class='ocrx_word' id='word_1_179' title='bbox 1290 2785 1348 2836; x_wconf 90' lang='lat' dir='ltr'>aut</span> <span class='ocrx_word' id='word_1_180' title='bbox 1376 2777 1448 2834; x_wconf 88' lang='lat' dir='ltr'>eius</span> 
     </span>
     <span class='ocr_line' id='line_1_22' title="bbox 275 2862 1447 2964; baseline -0.004 -19"><span class='ocrx_word' id='word_1_181' title='bbox 275 2892 390 2945; x_wconf 87' lang='lat' dir='ltr'>aetate</span> <span class='ocrx_word' id='word_1_182' title='bbox 413 2862 556 2946; x_wconf 82' lang='lat' dir='ltr'>¹novata</span> <span class='ocrx_word' id='word_1_183' title='bbox 594 2897 628 2944; x_wconf 88' lang='lat' dir='ltr'>et</span> <span class='ocrx_word' id='word_1_184' title='bbox 662 2886 693 2944; x_wconf 92' lang='lat' dir='ltr'>in</span> <span class='ocrx_word' id='word_1_185' title='bbox 728 2904 923 2945; x_wconf 87' lang='lat' dir='ltr'>sermonem</span> <span class='ocrx_word' id='word_1_186' title='bbox 963 2895 1142 2964; x_wconf 90' lang='lat' dir='ltr'>poetarum</span> <span class='ocrx_word' id='word_1_187' title='bbox 1182 2883 1321 2944; x_wconf 90' lang='lat' dir='ltr'>inducta</span> <span class='ocrx_word' id='word_1_188' title='bbox 1359 2889 1447 2948; x_wconf 80' lang='lat' dir='ltr'>sunt,</span> 
     </span>
     <span class='ocr_line' id='line_1_23' title="bbox 256 2975 1446 3074; baseline -0.004 -22"><span class='ocrx_word' id='word_1_189' title='bbox 256 2975 506 3053; x_wconf 57' lang='lat' dir='ltr'>&#39;Numerantur</span> <span class='ocrx_word' id='word_1_190' title='bbox 542 2993 601 3054; x_wconf 87' lang='grc'>101</span> <span class='ocrx_word' id='word_1_191' title='bbox 637 2993 654 3052; x_wconf 92' lang='lat' dir='ltr'>i.</span> <span class='ocrx_word' id='word_1_192' title='bbox 683 3012 710 3053; x_wconf 89' lang='lat' dir='ltr'>e.</span> <span class='ocrx_word' id='word_1_193' title='bbox 745 2989 833 3074; x_wconf 71' lang='lat' dir='ltr'>20⁰l0</span> <span class='ocrx_word' id='word_1_194' title='bbox 869 3001 972 3070; x_wconf 89' lang='lat' dir='ltr'>atque</span> <span class='ocrx_word' id='word_1_195' title='bbox 1006 2992 1039 3050; x_wconf 93' lang='lat' dir='ltr'>in</span> <span class='ocrx_word' id='word_1_196' title='bbox 1073 2991 1172 3050; x_wconf 88' lang='lat' dir='ltr'>tertia</span> <span class='ocrx_word' id='word_1_197' title='bbox 1207 2990 1446 3070; x_wconf 79' lang='lat' dir='ltr'>synecdochae</span> 
     </span>
     <span class='ocr_line' id='line_1_24' title="bbox 274 3095 1447 3179; baseline -0.003 -21"><span class='ocrx_word' id='word_1_198' title='bbox 274 3101 389 3178; x_wconf 86' lang='lat' dir='ltr'>specie</span> <span class='ocrx_word' id='word_1_199' title='bbox 416 3101 456 3160; x_wconf 87' lang='lat'>53</span> <span class='ocrx_word' id='word_1_200' title='bbox 486 3099 758 3179; x_wconf 82' lang='lat' dir='ltr'>(secundapars</span> <span class='ocrx_word' id='word_1_201' title='bbox 788 3100 943 3159; x_wconf 90' lang='lat' dir='ltr'>continet</span> <span class='ocrx_word' id='word_1_202' title='bbox 968 3100 1022 3169; x_wconf 87' lang='lat'>38,</span> <span class='ocrx_word' id='word_1_203' title='bbox 1057 3099 1166 3176; x_wconf 87' lang='lat' dir='ltr'>prima</span> <span class='ocrx_word' id='word_1_204' title='bbox 1193 3099 1246 3170; x_wconf 91' lang='grc'>11,</span> <span class='ocrx_word' id='word_1_205' title='bbox 1280 3098 1380 3156; x_wconf 88' lang='lat' dir='ltr'>tertia</span> <span class='ocrx_word' id='word_1_206' title='bbox 1404 3095 1447 3178; x_wconf 80' lang='lat'>4),</span> 
     </span>
     <span class='ocr_line' id='line_1_25' title="bbox 274 3204 1448 3286; baseline -0.003 -21"><span class='ocrx_word' id='word_1_207' title='bbox 274 3207 384 3286; x_wconf 90' lang='lat' dir='ltr'>prima</span> <span class='ocrx_word' id='word_1_208' title='bbox 409 3208 458 3280; x_wconf 93' lang='grc'>29,</span> <span class='ocrx_word' id='word_1_209' title='bbox 483 3215 604 3286; x_wconf 88' lang='lat' dir='ltr'>quarta</span> <span class='ocrx_word' id='word_1_210' title='bbox 623 3208 673 3276; x_wconf 88' lang='grc'>10,</span> <span class='ocrx_word' id='word_1_211' title='bbox 697 3207 849 3266; x_wconf 87' lang='lat' dir='ltr'>secunda</span> <span class='ocrx_word' id='word_1_212' title='bbox 875 3209 902 3268; x_wconf 84' lang='lat'>9.</span> <span class='ocrx_word' id='word_1_213' title='bbox 942 3204 1057 3264; x_wconf 88' lang='lat' dir='ltr'>Tertia</span> <span class='ocrx_word' id='word_1_214' title='bbox 1082 3205 1193 3283; x_wconf 91' lang='lat' dir='ltr'>igitur,</span> <span class='ocrx_word' id='word_1_215' title='bbox 1219 3222 1318 3282; x_wconf 87' lang='lat' dir='ltr'>quam</span> <span class='ocrx_word' id='word_1_216' title='bbox 1345 3222 1448 3282; x_wconf 90' lang='lat' dir='ltr'>supra</span> 
     </span>
     <span class='ocr_line' id='line_1_26' title="bbox 274 3310 1447 3391; baseline -0.002 -20"><span class='ocrx_word' id='word_1_217' title='bbox 274 3313 459 3372; x_wconf 88' lang='lat' dir='ltr'>secundum</span> <span class='ocrx_word' id='word_1_218' title='bbox 487 3313 594 3373; x_wconf 91' lang='lat' dir='ltr'>locum</span> <span class='ocrx_word' id='word_1_219' title='bbox 623 3313 779 3373; x_wconf 84' lang='lat' dir='ltr'>obtinere-</span> <span class='ocrx_word' id='word_1_220' title='bbox 800 3313 1033 3391; x_wconf 86' lang='lat' dir='ltr'>cognovimus,</span> <span class='ocrx_word' id='word_1_221' title='bbox 1058 3312 1111 3372; x_wconf 92' lang='lat' dir='ltr'>hic</span> <span class='ocrx_word' id='word_1_222' title='bbox 1129 3310 1447 3380; x_wconf 87' lang='lat' dir='ltr'>omnes-antecedit,</span> 
     </span>
     <span class='ocr_line' id='line_1_27' title="bbox 251 3416 1447 3508; baseline -0.001 -30"><span class='ocrx_word' id='word_1_223' title='bbox 251 3419 383 3498; x_wconf 87' lang='lat' dir='ltr'>&#39;prima</span> <span class='ocrx_word' id='word_1_224' title='bbox 412 3439 510 3491; x_wconf 89' lang='lat' dir='ltr'>vero,</span> <span class='ocrx_word' id='word_1_225' title='bbox 544 3439 632 3499; x_wconf 87' lang='lat' dir='ltr'>quae</span> <span class='ocrx_word' id='word_1_226' title='bbox 663 3421 799 3480; x_wconf 92' lang='lat' dir='ltr'>omnino</span> <span class='ocrx_word' id='word_1_227' title='bbox 830 3418 973 3498; x_wconf 87' lang='lat' dir='ltr'>plurima</span> <span class='ocrx_word' id='word_1_228' title='bbox 1002 3418 1162 3496; x_wconf 88' lang='lat' dir='ltr'>exempla</span> <span class='ocrx_word' id='word_1_229' title='bbox 1194 3418 1361 3508; x_wconf 79' lang='lat' dir='ltr'>continet,</span> <span class='ocrx_word' id='word_1_230' title='bbox 1394 3416 1447 3477; x_wconf 91' lang='lat' dir='ltr'>hic</span> 
     </span>
     <span class='ocr_line' id='line_1_28' title="bbox 273 3523 1447 3605; baseline -0.003 -19"><span class='ocrx_word' id='word_1_231' title='bbox 273 3525 361 3586; x_wconf 86' lang='lat' dir='ltr'>illam</span> <span class='ocrx_word' id='word_1_232' title='bbox 396 3527 563 3605; x_wconf 89' lang='lat' dir='ltr'>sequitur,</span> <span class='ocrx_word' id='word_1_233' title='bbox 598 3526 687 3586; x_wconf 90' lang='lat' dir='ltr'>unde</span> <span class='ocrx_word' id='word_1_234' title='bbox 721 3525 866 3586; x_wconf 84' lang='lat' dir='ltr'>efficitur</span> <span class='ocrx_word' id='word_1_235' title='bbox 896 3523 985 3586; x_wconf 84' lang='lat' dir='ltr'>Stati</span> <span class='ocrx_word' id='word_1_236' title='bbox 1018 3532 1132 3584; x_wconf 85' lang='lat' dir='ltr'>aetate</span> <span class='ocrx_word' id='word_1_237' title='bbox 1167 3525 1301 3584; x_wconf 89' lang='lat' dir='ltr'>tertiam</span> <span class='ocrx_word' id='word_1_238' title='bbox 1339 3525 1447 3602; x_wconf 84' lang='lat' dir='ltr'>magis</span> 
     </span>
     <span class='ocr_line' id='line_1_29' title="bbox 275 3629 1448 3710; baseline -0.003 -18"><span class='ocrx_word' id='word_1_239' title='bbox 275 3632 467 3694; x_wconf 85' lang='lat' dir='ltr'>adamatam</span> <span class='ocrx_word' id='word_1_240' title='bbox 487 3642 522 3692; x_wconf 89' lang='lat' dir='ltr'>et</span> <span class='ocrx_word' id='word_1_241' title='bbox 539 3632 708 3693; x_wconf 83' lang='lat' dir='ltr'>excultam</span> <span class='ocrx_word' id='word_1_242' title='bbox 729 3652 804 3692; x_wconf 83' lang='lat' dir='ltr'>esse</span> <span class='ocrx_word' id='word_1_243' title='bbox 813 3632 833 3695; x_wconf 62' lang='lat'>2.</span> <span class='ocrx_word' id='word_1_244' title='bbox 868 3629 964 3710; x_wconf 80' lang='lat' dir='ltr'>Quae</span> <span class='ocrx_word' id='word_1_245' title='bbox 981 3633 1162 3704; x_wconf 87' lang='lat' dir='ltr'>sententia,</span> <span class='ocrx_word' id='word_1_246' title='bbox 1178 3633 1205 3691; x_wconf 91' lang='lat' dir='ltr'>si</span> <span class='ocrx_word' id='word_1_247' title='bbox 1222 3632 1448 3709; x_wconf 84' lang='lat' dir='ltr'>respiciuntur</span> 
     </span>
     <span class='ocr_line' id='line_1_30' title="bbox 275 3736 1446 3820; baseline -0.004 -19"><span class='ocrx_word' id='word_1_248' title='bbox 275 3741 388 3801; x_wconf 86' lang='lat' dir='ltr'>omnia</span> <span class='ocrx_word' id='word_1_249' title='bbox 412 3741 576 3819; x_wconf 90' lang='lat' dir='ltr'>cuiusque</span> <span class='ocrx_word' id='word_1_250' title='bbox 601 3741 728 3820; x_wconf 87' lang='lat' dir='ltr'>speciei</span> <span class='ocrx_word' id='word_1_251' title='bbox 753 3738 925 3818; x_wconf 84' lang='lat' dir='ltr'>exempla,</span> <span class='ocrx_word' id='word_1_252' title='bbox 949 3736 1182 3807; x_wconf 88' lang='lat' dir='ltr'>confirmatur,</span> <span class='ocrx_word' id='word_1_253' title='bbox 1211 3739 1273 3797; x_wconf 93' lang='lat' dir='ltr'>nisi</span> <span class='ocrx_word' id='word_1_254' title='bbox 1299 3737 1389 3816; x_wconf 90' lang='lat' dir='ltr'>quod</span> <span class='ocrx_word' id='word_1_255' title='bbox 1414 3738 1446 3796; x_wconf 92' lang='lat' dir='ltr'>in</span> 
     </span>
     <span class='ocr_line' id='line_1_31' title="bbox 273 3845 1448 3923; baseline -0.004 -17"><span class='ocrx_word' id='word_1_256' title='bbox 273 3847 425 3907; x_wconf 86' lang='lat' dir='ltr'>secunda.</span> <span class='ocrx_word' id='word_1_257' title='bbox 450 3863 502 3906; x_wconf 92' lang='lat' dir='ltr'>est</span> <span class='ocrx_word' id='word_1_258' title='bbox 527 3846 590 3906; x_wconf 89' lang='lat' dir='ltr'>alia</span> <span class='ocrx_word' id='word_1_259' title='bbox 615 3849 711 3920; x_wconf 87' lang='lat' dir='ltr'>ratic,</span> <span class='ocrx_word' id='word_1_260' title='bbox 735 3866 814 3906; x_wconf 88' lang='lat' dir='ltr'>nam</span> <span class='ocrx_word' id='word_1_261' title='bbox 839 3847 871 3906; x_wconf 92' lang='lat' dir='ltr'>in</span> <span class='ocrx_word' id='word_1_262' title='bbox 895 3846 958 3905; x_wconf 87' lang='lat' dir='ltr'>hac</span> <span class='ocrx_word' id='word_1_263' title='bbox 976 3852 1145 3905; x_wconf 85' lang='lat' dir='ltr'>novantur</span> <span class='ocrx_word' id='word_1_264' title='bbox 1162 3862 1223 3923; x_wconf 90' lang='lat' dir='ltr'>pro</span> <span class='ocrx_word' id='word_1_265' title='bbox 1241 3852 1377 3904; x_wconf 91' lang='lat' dir='ltr'>centum</span> <span class='ocrx_word' id='word_1_266' title='bbox 1398 3845 1448 3915; x_wconf 88' lang='grc'>37,</span> 
     </span>
     <span class='ocr_line' id='line_1_32' title="bbox 273 3951 1448 4033; baseline -0.004 -19"><span class='ocrx_word' id='word_1_267' title='bbox 273 3956 306 4014; x_wconf 92' lang='lat' dir='ltr'>in</span> <span class='ocrx_word' id='word_1_268' title='bbox 336 3955 437 4014; x_wconf 90' lang='lat' dir='ltr'>tertia</span> <span class='ocrx_word' id='word_1_269' title='bbox 467 3955 521 4026; x_wconf 95' lang='grc'>29,</span> <span class='ocrx_word' id='word_1_270' title='bbox 552 3961 672 4033; x_wconf 83' lang='lat' dir='ltr'>quarta</span> <span class='ocrx_word' id='word_1_271' title='bbox 699 3955 752 4024; x_wconf 83' lang='lat'>15,</span> <span class='ocrx_word' id='word_1_272' title='bbox 781 3954 891 4032; x_wconf 85' lang='lat' dir='ltr'>prima</span> <span class='ocrx_word' id='word_1_273' title='bbox 918 3954 972 4020; x_wconf 74' lang='lat'>133</span> <span class='ocrx_word' id='word_1_274' title='bbox 1001 3953 1033 4011; x_wconf 88' lang='lat' dir='ltr'>in</span> <span class='ocrx_word' id='word_1_275' title='bbox 1063 3952 1185 4011; x_wconf 88' lang='lat' dir='ltr'>tertiae</span> <span class='ocrx_word' id='word_1_276' title='bbox 1215 3958 1313 4029; x_wconf 88' lang='lat' dir='ltr'>parte</span> <span class='ocrx_word' id='word_1_277' title='bbox 1338 3951 1448 4029; x_wconf 90' lang='lat' dir='ltr'>prima</span> 
     </span>
     <span class='ocr_line' id='line_1_33' title="bbox 275 4057 1447 4136; baseline -0.004 -16"><span class='ocrx_word' id='word_1_278' title='bbox 275 4069 444 4121; x_wconf 84' lang='lat' dir='ltr'>novantur</span> <span class='ocrx_word' id='word_1_279' title='bbox 469 4063 519 4133; x_wconf 89' lang='grc'>25,</span> <span class='ocrx_word' id='word_1_280' title='bbox 543 4060 694 4121; x_wconf 88' lang='lat' dir='ltr'>secunda</span> <span class='ocrx_word' id='word_1_281' title='bbox 720 4061 770 4132; x_wconf 87' lang='grc'>36,</span> <span class='ocrx_word' id='word_1_282' title='bbox 795 4061 897 4119; x_wconf 89' lang='lat' dir='ltr'>tertia</span> <span class='ocrx_word' id='word_1_283' title='bbox 923 4060 972 4128; x_wconf 89' lang='grc'>13,</span> <span class='ocrx_word' id='word_1_284' title='bbox 997 4058 1087 4118; x_wconf 90' lang='lat' dir='ltr'>unde</span> <span class='ocrx_word' id='word_1_285' title='bbox 1111 4057 1297 4118; x_wconf 89' lang='lat' dir='ltr'>secundam</span> <span class='ocrx_word' id='word_1_286' title='bbox 1322 4058 1354 4116; x_wconf 90' lang='lat' dir='ltr'>in</span> <span class='ocrx_word' id='word_1_287' title='bbox 1381 4076 1447 4136; x_wconf 87' lang='lat' dir='ltr'>qua</span> 
     </span>
     <span class='ocr_line' id='line_1_34' title="bbox 275 4163 1448 4246; baseline -0.005 -18"><span class='ocrx_word' id='word_1_288' title='bbox 275 4167 503 4246; x_wconf 88' lang='lat' dir='ltr'>materiapro</span> <span class='ocrx_word' id='word_1_289' title='bbox 527 4187 564 4227; x_wconf 87' lang='lat' dir='ltr'>re</span> <span class='ocrx_word' id='word_1_290' title='bbox 590 4187 634 4227; x_wconf 84' lang='lat' dir='ltr'>ex</span> <span class='ocrx_word' id='word_1_291' title='bbox 658 4186 700 4226; x_wconf 90' lang='lat' dir='ltr'>ea</span> <span class='ocrx_word' id='word_1_292' title='bbox 724 4165 884 4227; x_wconf 86' lang='lat' dir='ltr'>coniecta</span> <span class='ocrx_word' id='word_1_293' title='bbox 903 4167 1039 4245; x_wconf 88' lang='lat' dir='ltr'>ponitur</span> <span class='ocrx_word' id='word_1_294' title='bbox 1056 4184 1123 4224; x_wconf 92' lang='lat' dir='ltr'>non</span> <span class='ocrx_word' id='word_1_295' title='bbox 1141 4164 1247 4225; x_wconf 92' lang='lat' dir='ltr'>solum</span> <span class='ocrx_word' id='word_1_296' title='bbox 1267 4171 1370 4223; x_wconf 86' lang='lat' dir='ltr'>antea</span> <span class='ocrx_word' id='word_1_297' title='bbox 1386 4163 1448 4223; x_wconf 89' lang='lat' dir='ltr'>sed</span> 
     </span>
    </p>
   </div>
   <div class='ocr_carea' id='block_1_5' title="bbox 274 4321 1447 4569">
    <p class='ocr_par' dir='ltr' id='par_1_5' title="bbox 274 4321 1447 4569">
     <span class='ocr_line' id='line_1_35' title="bbox 366 4321 1257 4389; baseline -0.002 -15"><span class='ocrx_word' id='word_1_298' title='bbox 366 4325 372 4355; x_wconf 89' lang='lat'><strong>¹</strong></span> <span class='ocrx_word' id='word_1_299' title='bbox 394 4326 448 4374; x_wconf 91' lang='lat' dir='ltr'>vid.</span> <span class='ocrx_word' id='word_1_300' title='bbox 463 4325 602 4376; x_wconf 84' lang='lat' dir='ltr'>Tolkiehn</span> <span class='ocrx_word' id='word_1_301' title='bbox 621 4325 647 4374; x_wconf 93' lang='lat' dir='ltr'>in</span> <span class='ocrx_word' id='word_1_302' title='bbox 667 4325 790 4376; x_wconf 86' lang='lat' dir='ltr'>Bursian.</span> <span class='ocrx_word' id='word_1_303' title='bbox 806 4341 866 4374; x_wconf 87' lang='lat' dir='ltr'>ann.</span> <span class='ocrx_word' id='word_1_304' title='bbox 882 4323 936 4376; x_wconf 89' lang='lat' dir='ltr'>vol.</span> <span class='ocrx_word' id='word_1_305' title='bbox 953 4322 1002 4373; x_wconf 84' lang='grc'>158</span> <span class='ocrx_word' id='word_1_306' title='bbox 1017 4321 1117 4387; x_wconf 84' lang='grc'>(1912),</span> <span class='ocrx_word' id='word_1_307' title='bbox 1138 4338 1200 4389; x_wconf 87' lang='lat' dir='ltr'>pag.</span> <span class='ocrx_word' id='word_1_308' title='bbox 1216 4321 1257 4372; x_wconf 89' lang='grc'>59.</span> 
     </span>
     <span class='ocr_line' id='line_1_36' title="bbox 364 4409 1447 4483; baseline -0.005 -19"><span class='ocrx_word' id='word_1_309' title='bbox 364 4414 374 4444; x_wconf 77' lang='lat'>²</span> <span class='ocrx_word' id='word_1_310' title='bbox 394 4415 471 4465; x_wconf 88' lang='lat' dir='ltr'>Haec</span> <span class='ocrx_word' id='word_1_311' title='bbox 496 4414 644 4483; x_wconf 69' lang='lat' dir='ltr'>sententia⁴</span> <span class='ocrx_word' id='word_1_312' title='bbox 658 4415 784 4479; x_wconf 87' lang='lat' dir='ltr'>congruit</span> <span class='ocrx_word' id='word_1_313' title='bbox 807 4429 869 4464; x_wconf 90' lang='lat' dir='ltr'>cum</span> <span class='ocrx_word' id='word_1_314' title='bbox 895 4413 936 4464; x_wconf 91' lang='lat' dir='ltr'>eis</span> <span class='ocrx_word' id='word_1_315' title='bbox 956 4427 1027 4478; x_wconf 86' lang='lat' dir='ltr'>quae</span> <span class='ocrx_word' id='word_1_316' title='bbox 1047 4412 1178 4477; x_wconf 88' lang='lat' dir='ltr'>exposuit</span> <span class='ocrx_word' id='word_1_317' title='bbox 1197 4412 1369 4470; x_wconf 84' lang='lat' dir='ltr'>Volkmann,</span> <span class='ocrx_word' id='word_1_318' title='bbox 1393 4409 1447 4460; x_wconf 86' lang='lat' dir='ltr'>Die</span> 
     </span>
     <span class='ocr_line' id='line_1_37' title="bbox 274 4501 1001 4569; baseline -0.001 -16"><span class='ocrx_word' id='word_1_319' title='bbox 274 4503 408 4555; x_wconf 86' lang='lat' dir='ltr'>Rhetorik</span> <span class='ocrx_word' id='word_1_320' title='bbox 430 4504 480 4554; x_wconf 86' lang='lat' dir='ltr'>der</span> <span class='ocrx_word' id='word_1_321' title='bbox 499 4503 638 4555; x_wconf 85' lang='lat' dir='ltr'>Griechen</span> <span class='ocrx_word' id='word_1_322' title='bbox 658 4504 714 4552; x_wconf 89' lang='lat' dir='ltr'>und</span> <span class='ocrx_word' id='word_1_323' title='bbox 733 4502 845 4564; x_wconf 85' lang='lat' dir='ltr'>Ro&#39;mer,</span> <span class='ocrx_word' id='word_1_324' title='bbox 864 4518 927 4569; x_wconf 87' lang='lat' dir='ltr'>pag.</span> <span class='ocrx_word' id='word_1_325' title='bbox 941 4501 1001 4552; x_wconf 72' lang='lat'>422.</span> 
     </span>
    </p>
   </div>
   <div class='ocr_carea' id='block_1_6' title="bbox 0 0 1698 5324">
    <p class='ocr_par' dir='ltr' id='par_1_6' title="bbox 0 0 1698 5324">
     <span class='ocr_line' id='line_1_38' title="bbox 0 0 1698 5324; baseline 0 0"><span class='ocrx_word' id='word_1_326' title='bbox 0 0 1698 5324; x_wconf 95' lang='lat' dir='ltr'> </span> 
     </span>
    </p>
   </div>
  </div>
 </body>
</html>
