3388 5324
785 577 990 635 ..6-

293 755 461 819 vocabulo
486 756 672 816 subiciatur
697 773 799 834 quam
825 754 900 832 ipsa
925 771 1001 812 vox
1030 761 1194 813 novetur.
1238 751 1291 812 Ne
1314 772 1381 813 non
1406 757 1515 810 recto

294 865 413 945 generi
440 861 601 924 nonnulla
626 861 859 922 attribuantur
883 858 1085 938 periculum
1115 877 1195 918 esse
1223 878 1293 918 non
1319 875 1515 936 negamus:

295 990 369 1033 cum
401 971 491 1031 enim
520 968 709 1029 litterarum
741 985 822 1046 pars
846 965 943 1025 haud
972 967 1112 1044 exigua
1136 966 1323 1037 interierit,
1346 962 1514 1042 singulae

295 1078 483 1139 locutiones
508 1084 588 1135 ante
614 1071 771 1144 Statium,
799 1072 960 1150 quamvis
988 1071 1186 1142 rarissime,
1214 1077 1401 1149 usurpatae
1428 1087 1514 1128 esse

295 1193 451 1266 possunt,
477 1201 562 1262 quas
591 1199 681 1242 nunc
711 1186 857 1239 novatas
883 1195 965 1236 esse
994 1186 1179 1255 putamus,
1211 1173 1395 1235 nonnullae
1421 1193 1513 1234 vero

297 1290 493 1370 neglectae,
518 1307 605 1368 quae
630 1287 760 1346 maiore
786 1284 936 1344 scientia
963 1280 1189 1361 legendique
1214 1280 1328 1340 studio
1353 1279 1515 1360 suppleri

296 1417 426 1478 suoque
451 1395 526 1456 loco
551 1394 632 1473 poni
657 1401 810 1472 possunt.
853 1387 1021 1450 Graecus
1049 1407 1168 1447 sermo
1195 1387 1240 1446 ad
1265 1387 1510 1464 quaestionem

296 1524 364 1566 non
390 1502 580 1572 adhibetur,
605 1519 683 1560 cum
709 1499 768 1558 vix
792 1504 931 1556 tantam
953 1495 1030 1554 vim
1051 1492 1218 1563 attulerit,
1244 1493 1271 1552 si
1289 1493 1514 1570 excipiuntur

296 1607 406 1692 pauca
440 1609 577 1670 nomina
612 1605 706 1667 velut
739 1602 915 1672 AchivuS,
959 1601 1140 1678 Argivus
1180 1597 1323 1658 Danaus
1362 1596 1512 1676 aliaque,

299 1738 386 1800 quae
410 1724 563 1777 ceterum
589 1732 656 1773 non
682 1713 758 1771 sine
784 1708 929 1768 licentia
959 1713 1135 1783 usurpata
1160 1722 1237 1763 esse
1262 1701 1348 1763 infra
1366 1702 1512 1763 demon-

298 1825 474 1887 strandum
500 1823 571 1883 erit.

387 1930 485 1991 Haec
523 1947 598 1989 cum
623 1926 676 1985 de
718 1923 858 1983 ratione
896 1925 936 1978 et
977 1915 1129 1978 consilio
1165 1914 1263 1973 huius
1297 1915 1512 1993 quaestionis

298 2037 445 2120 praefati
472 2037 589 2107 simus,
617 2038 742 2102 restat,
774 2041 812 2086 ut
843 2025 889 2085 ad
917 2027 1037 2102 ipsum
1055 2031 1206 2098 ,tropum
1233 2019 1275 2078 de
1301 2036 1367 2097 quo
1393 2021 1513 2097 agitur

300 2147 518 2207 advertamus
547 2141 706 2201 animum.
755 2133 814 2194 De
846 2151 890 2191 eo
922 2131 1001 2208 ipso
1037 2145 1111 2186 non
1142 2125 1328 2195 disseritur,
1357 2143 1400 2184 ne
1430 2134 1513 2186 acta
1570 2121 1572 2126 ’

300 2262 458 2333 agantur,
476 2249 634 2329 quoniam
653 2249 801 2323 praeter
819 2245 965 2299 eeteros
986 2234 1049 2312 qui
1069 2231 1252 2292 universim
1272 2229 1314 2289 de
1332 2236 1509 2308 troporum

300 2361 434 2422 ratione
460 2360 616 2435 egerunt,
641 2358 722 2430 post
738 2339 1031 2433 Lindskogium¹
1053 2347 1154 2397 recte
1172 2333 1353 2396 Gualterus
1368 2331 1512 2396 Stietzel

301 2470 333 2528 iu
359 2461 651 2528 commentatione
677 2473 740 2515 sua
767 2469 849 2510 eum
878 2446 1086 2525 explicasse
1113 2441 1261 2515 videtur3
1285 2442 1401 2518 itaque
1418 2442 1512 2504 hunc

301 2576 408 2636 virum
455 2569 594 2629 doctum
640 2561 752 2622 secuti
802 2553 1002 2616 secundum
1059 2555 1224 2626 quattuor
1269 2545 1513 2623 synecdochae

303 2681 437 2762 species
482 2671 721 2736 constituimus
765 2669 939 2742 quattuor
985 2656 1098 2714 totius
1138 2652 1345 2730 quaestionis
1384 2666 1514 2730 partes,

305 2804 447 2869 quarum
478 2782 587 2862 prima
617 2774 778 2837 continet
809 2761 993 2842 exempla,
1024 2762 1060 2818 in
1089 2758 1212 2836 quibus
1240 2774 1317 2834 pars
1345 2775 1406 2834 pro
1435 2768 1513 2822 toto

305 2895 451 2975 ponitur,
476 2883 630 2948 secunda
653 2883 686 2940 in
714 2875 847 2956 quibus
874 2872 951 2930 vice
977 2883 1087 2926 versa
1111 2870 1219 2921 totum
1243 2860 1427 2923 collocatur
1448 2885 1513 2945 pro

305 3008 418 3081 parte,
444 2993 549 3055 tertia
573 2991 607 3050 in
632 2986 758 3067 quibus
786 2994 906 3058 genus
931 2993 996 3054 pro
1024 2969 1146 3048 specie
1170 2966 1306 3045 legitur,
1332 2978 1454 3045 quarta
1479 2973 1514 3032 in

308 3107 431 3188 quibus
457 3097 632 3162 contraria
656 3091 745 3152 ratio
773 3091 904 3146 exstat.

398 3208 470 3272 Sed
492 3221 570 3265 cum
589 3201 631 3259 de
652 3203 780 3256 natura
799 3188 894 3268 tropi
916 3181 1132 3263 explicanda
1151 3179 1369 3249 consentiam,
1395 3187 1514 3244 tamen

212 3355 214 3359 ·
308 3323 341 3381 in
371 3308 545 3379 nonnullis
575 3300 745 3381 exemplis
776 3291 994 3374 accipiendis
1026 3285 1160 3346 illorum
1191 3283 1334 3342 virorum
1364 3285 1408 3345 ad
1437 3306 1514 3349 sen.

309 3424 455 3487 tentiam
485 3433 554 3476 non
580 3407 721 3471 accedo.
765 3401 870 3470 Nam,
897 3404 935 3456 ut
960 3386 1135 3468 exemplis
1161 3394 1242 3459 utar,
1266 3387 1455 3452 locutiones
1479 3397 1515 3455 in

312 3533 438 3612 quibus
474 3530 593 3581 taurus
619 3532 684 3592 pro
714 3507 806 3589 pelle
833 3505 927 3574 eine,
962 3513 1090 3558 murex
1118 3510 1180 3570 pro
1209 3510 1356 3571 purpura
1385 3505 1420 3555 et
1449 3518 1515 3577 pro

310 3645 410 3699 veste
446 3642 600 3710 purpura
633 3621 744 3679 tincta
779 3610 996 3674 nominatur,
1033 3597 1264 3674 metonymice
1296 3616 1370 3657 esse
1403 3603 1516 3667 dictas

312 3742 356 3804 illi
380 3741 522 3820 putant,
551 3746 628 3789 cum
654 3716 919 3804 synecdochem
948 3715 1091 3769 exstare
1116 3702 1213 3761 nobis
1236 3720 1434 3809 persuasum
1462 3713 1517 3776 sit.

312 3850 435 3926 Atque
452 3832 697 3910 Lindskogius,
723 3841 829 3906 quem
848 3825 991 3879 secutus
1010 3821 1064 3887 est
1082 3805 1281 3878 StietzeliuS,
1305 3817 1514 3879 sententiam

314 3971 411 4016 suam
435 3940 643 4008 confirmare
666 3932 787 3995 studet
806 3946 849 3987 eo
869 3921 964 4003 quod
985 3925 1128 3997 poetam
1148 3911 1322 3971 discedere
1340 3933 1360 3972 a
1376 3935 1413 3975 re
1435 3938 1517 3999 pro.

314 4058 429 4141 posita
461 4048 545 4109 dicit
577 4061 643 4103 nec
678 4035 867 4100 materiam
903 4029 1012 4104 ipsam
1044 4017 1208 4079 nominari
1238 4035 1298 4095 pro
1330 4037 1365 4077 re
1396 4041 1441 4084 ex
1473 4048 1517 4090 ea

316 4161 491 4227 confecta,
513 4149 575 4212 sed
597 4145 780 4208 materiam
806 4132 919 4215 qualis
940 4137 1047 4189 antea
1068 4122 1178 4183 fuerit.
1217 4119 1286 4180 Sed
1305 4125 1450 4200 primum
1472 4134 1516 4196 illi

316 4269 481 4333 videntur
504 4253 664 4332 exempla
687 4243 818 4310 diversi
840 4235 984 4318 generis
1006 4229 1231 4296 coniunxisse,
1255 4245 1329 4286 cum
1349 4236 1515 4301 muricem

316 4363 537 4385 „pf-—

410 4416 514 4469 rEric.
538 4410 696 4472 Lindskog,
731 4403 764 4454 In
799 4403 900 4460 tropos
935 4387 1100 4452 scriptorum
1129 4381 1289 4433 Latinorum
1311 4386 1415 4448 studia,
1447 4393 1516 4446 diss.

319 4509 416 4580 Upsal.
434 4501 513 4556 1903.
