3440 5328
763 587 982 656 -15-‘

285 781 389 853 atque
414 769 597 834 facundum
617 770 781 834 Severum
806 794 871 835 non
898 775 1003 835 solitis
1028 773 1149 836 fidibus
1174 775 1309 849 saluto“,
1333 775 1394 837 Th.
1409 774 1458 836 IV

285 879 364 942 358:
390 879 432 943 cf.
447 878 557 940 Varro
582 899 606 943 r.
623 900 648 941 r.
663 878 694 939 Π
711 883 729 940 5
754 881 858 952 „haec
883 881 1068 944 secundum
1095 883 1177 942 astri
1194 891 1350 943 exortum
1368 881 1457 943 facio

285 987 377 1066 quod
389 983 512 1048 Graeci
531 994 656 1047 vocant
673 985 906 1066 lyrarn,fide1n
926 989 1048 1048 nostri“
1067 997 1102 1048 et
1114 986 1176 1050 Ov.
1188 988 1292 1049 her.V
1308 990 1366 1052 139
1386 1008 1457 1063 „me

284 1091 351 1153 fide
391 1094 594 1170 conspicuus
627 1091 749 1153 Troiae
791 1095 938 1154 munitor
977 1097 1129 1168 amavit‘,
1168 1095 1304 1174 pluralis
1343 1104 1455 1155 autem

285 1219 445 1260 numerus
473 1201 644 1260 invenitur
673 1197 739 1263 Cic.
757 1201 799 1260 de
821 1221 867 1263 or.
882 1199 929 1260 III
948 1203 998 1274 57,
1017 1203 1079 1263 216
1110 1221 1316 1283 „omnesque
1344 1191 1458 1279 voces,

286 1317 322 1366 ut
347 1307 441 1366 nervi
466 1307 497 1366 in
524 1304 654 1384 fidibus
679 1307 726 1367 ita
751 1317 883 1376 sonant,
910 1317 945 1368 ut
964 1319 1043 1368 sunt
1062 1308 1195 1388 pulsae“
1221 1316 1257 1368 et
1276 1307 1383 1370 Plaut.
1399 1309 1458 1389 Ep.

284 1416 347 1474 500
369 1424 422 1486 „ut
439 1411 561 1474 fidibus
579 1421 755 1474 cantarem
772 1415 861 1474 seni“
887 1423 921 1474 et
940 1413 1023 1475 Hor.
1040 1414 1173 1477 0011111
1194 1418 1241 1487 12,
1260 1417 1299 1477 11
1319 1414 1458 1486 „fidibus

284 1521 445 1580 canoris“.

372 1625 472 1687 Nunc
498 1635 534 1687 ut
556 1646 612 1686 res
635 1625 712 1699 fert,
732 1629 950 1707 pervenimus
972 1629 1016 1688 ad
1037 1648 1078 1688 ea
1095 1629 1232 1689 nomina
1250 1630 1371 1709 quibus
1389 1631 1457 1690 ani·

286 1734 383 1793 malia
408 1741 466 1794 aut
487 1752 632 1812 corpora
649 1753 764 1794 eorum
784 1742 843 1795 aut
860 1753 1038 1814 corporum
1062 1743 1179 1815 partes
1201 1735 1457 1816 intelleguntur:

283 1839 526 1919 praecordia
546 1849 684 1900 exstant
700 1859 761 1919 pro
779 1850 921 1920 pectore
939 1841 999 1902 Th.
1016 1839 1051 1902 X
1067 1844 1131 1903 435
1150 1850 1239 1914 „toto
1257 1843 1456 1922 praecordia

283 1947 437 2026 protinus
453 1946 565 2007 Arcas
582 1945 735 2026 implevit
756 1947 907 2027 capulo“:
932 1945 998 2011 Cic.
1015 1947 1115 2009 Tusc.
1131 1948 1146 2007 Ι
1162 1951 1213 2022 40,
1226 1952 1267 2010 96
1286 1969 1377 2021 „cum
1397 1951 1458 2028 (vir
1509 1944 1513 1954 ’

284 2054 458 2132 egregius)
491 2054 557 2113 iam
592 2055 800 2133 praecordiis
833 2064 1037 2134 conceptam
1073 2065 1217 2115 mortem
1248 2058 1456 2118 contineret“

259 2141 261 2145 ⁵
284 2168 319 2219 et
344 2156 406 2220 Ov.
424 2169 503 2220 met.
520 2158 587 2219 XII
605 2161 667 2222 140
692 2159 819 2240 „clipeo
843 2161 1061 2241 genibusque
1078 2181 1239 2241 premens
1256 2163 1458 2241 praecordia

284 2266 373 2326 duris
403 2267 513 2326 vincla
541 2267 645 2326 trahit
671 2267 819 2346 galeae“.
866 2266 1000 2328 Palma
1024 2267 1116 2328 valet
1140 2269 1227 2328 idern
1255 2278 1359 2349 atque
1384 2280 1456 2332 tota

283 2391 403 2432 manus
426 2371 486 2434 Th.
502 2372 517 2433 Ι
533 2375 596 2433 497
616 2373 779 2451 ,tendens
797 2375 837 2433 ad
856 2375 968 2434 sidera
984 2375 1140 2454 palmas“,
1163 2373 1215 2436 IX
1232 2378 1303 2447 335,
1327 2375 1363 2436 X
1380 2380 1457 2439 336:

283 2478 323 2539 cl.
335 2476 430 2540 Caes,
442 2480 474 2541 b.
485 2499 512 2542 c.
525 2481 605 2552 98,2
624 2482 816 2560 „passisque
834 2480 953 2560 palmis
970 2483 1111 2561 proiecti
1130 2483 1173 2542 ad
1189 2491 1315 2542 terram
1333 2482 1456 2544 fientes

183 2600 186 2606 “
283 2585 324 2646 ab
344 2605 385 2646 eo
404 2586 547 2646 salutem
565 2586 1071 2667 0011001000,Ρ10111.(]00.405
1090 2608 1325 2668 „compressan
1344 2590 1457 2670 palma

282 2713 324 2752 an
350 2701 510 2772 porrecta
534 2689 659 2754 ferio?“
690 2702 725 2754 et
747 2693 855 2774 Verg.
872 2696 960 2758 Aen.
976 2694 1007 2755 H
1023 2697 1086 2755 406
1112 2706 1267 2769 „teneras
1291 2698 1457 2757 arcebant

282 2798 413 2859 vincula
438 2798 596 2879 palmas“.
637 2799 834 2861 Lacertus
858 2803 994 2881 ponitur
1018 2821 1079 2882 pro
1106 2803 1265 2863 bracchio
1290 2802 1455 2877 011266

282 2907 426 2978 „teneris
462 2914 590 2967 ostrum
624 2907 753 2987 puerile
783 2908 917 2969 lacertis
946 2911 1066 2982 exuit“,
1098 2908 1207 2970 Tau
1231 2912 1303 2982 538,
1335 2909 1381 2970 ΠΙ
1407 2914 1455 2983 16,

280 3010 329 3071 IV
348 3014 420 3086 564,
443 3011 477 3072 V
495 3014 566 3086 141,
586 3015 658 3087 378,
681 3012 730 3074 VI
754 3016 802 3088 78,
823 3017 893 3091 708,
913 3018 984 3088 733,
1002 3017 1075 3094 844,
1095 3018 1168 3092 893,
1192 3015 1272 3078 VIII
1292 3019 1365 3089 537,
1383 3020 1455 3096 683,

280 3116 331 3178 IX
349 3120 421 3192 547,
439 3121 511 3192 904,
535 3119 570 3180 X
591 3123 662 3193 745,
686 3119 737 3180 XI
754 3123 805 3195 38,
828 3120 989 3183 XII110:
1014 3122 1054 3184 01.
1073 3119 1139 3186 Cic.
1156 3122 1227 3190 Cat.
1243 3121 1295 3184 IX
1316 3127 1354 3184 27
1381 3127 1454 3204 „qui

281 3224 388 3303 (miles
422 3222 649 3302 Crotoniates)
689 3247 765 3288 cum
804 3230 868 3289 iam
903 3248 1011 3289 senex
1044 3239 1136 3290 esset
1169 3229 1384 3310 athletasque
1417 3251 1455 3291 se
1580 3242 1583 3251 '

281 3341 487 3394 exercentes
526 3335 558 3394 in
598 3333 762 3394 curriculo
801 3334 946 3413 videret,
985 3338 1160 3415 aspexisse
1196 3335 1343 3398 lacertos
1376 3357 1455 3398 suos

215 3467 238 3492 ·.
282 3437 419 3499 dicitur“
449 3447 485 3499 et
508 3438 871 3520 Verg.Aen.X1561
907 3441 1072 3514 „adducto
1106 3451 1299 3504 contortum
1334 3444 1454 3505 hastile
1541 3477 1544 3484 ·

282 3544 410 3606 lacerto
427 3547 592 3608 inmittit“.
633 3544 713 3608 Ora
737 3546 931 3627 significant
955 3558 1059 3628 caput
1082 3549 1144 3611 Th.
1159 3549 1205 3609 III
1223 3552 1341 3631 131sq.
1358 3571 1455 3631 „pars

281 3651 427 3712 molliter
455 3661 576 3732 aptant
605 3655 766 3715 bracchia
794 3663 914 3716 trunca
943 3655 1022 3746 loco
1045 3664 1079 3716 et
1106 3658 1296 3717 cervicibus
1321 3677 1380 3718 ora
1402 3678 1455 3719 re·

280 3765 444 3836 ponunt‘:
470 3757 510 3820 cf.
528 3756 595 3823 Cic.
605 3759 704 3822 Verr.
715 3760 764 3821 VI
781 3764 831 3835 56,
848 3763 912 3823 124
929 3759 1119 3842 „Gorgonis
1137 3781 1174 3823 os
1191 3762 1454 3843 pulcherrimum

280 3865 428 3926 cinctum
447 3868 617 3946 anguibus
634 3868 767 3929 revellit
783 3876 887 3948 atque
905 3869 1060 3930 abstulit“
1078 3879 1114 3929 et
1129 3869 1237 3932 Plaut.
1252 3870 1453 3951 Amph,183

280 3971 443 4052 „aliquem
472 3973 644 4035 hominem
670 3974 835 4054 adlegent
860 3976 916 4056 qui
940 3976 1019 4036 mihi
1045 3977 1240 4038 advenienti
1262 3997 1300 4038 os
1322 3978 1454 4039 ocelllet

280 4080 404 4157 probe“
428 4087 464 4139 et
479 4078 587 4159 Verg.
597 4081 686 4142 Aen.
698 4079 749 4141 IX
764 4084 826 4143 471
851 4102 927 4156 „ora
943 4085 1051 4144 virum
1069 4082 1225 4164 praefixa
1241 4086 1453 4146 movebant“.

279 4220 322 4228 —
355 4184 529 4266 Denique,
563 4196 598 4246 ut
631 4195 740 4248 totum
776 4208 899 4268 corpus
932 4188 1163 4270 intellegatur,
1199 4199 1305 4271 poeta
1336 4193 1455 4253 scribit
1561 4241 1562 4244 1

280 4291 425 4353 collum
450 4292 503 4352 vel
521 4303 634 4373 caput,
658 4294 736 4355 11106
754 4304 868 4356 autem
893 4295 954 4358 Th.
970 4295 1001 4356 H
1018 4299 1137 4378 656sq.
1162 4307 1214 4371 „et
1230 4309 1277 4377 tu,
1299 4299 1330 4358 ni
1348 4296 1454 4372 fallor,

279 4399 394 4478 iniquo
411 4399 579 4479 pollicitus
597 4421 672 4480 mea
692 4400 778 4462 colla
795 4403 888 4462 duci“
913 4405 1029 4478 (verba
1046 4403 1207 4484 Tydeoslz
1232 4403 1273 4465 cf.
1291 4401 1357 4466 Cic.
1374 4402 1453 4466 Sex.

278 4503 382 4566 Rosc.
394 4507 444 4579 29,
457 4508 497 4567 80
516 4510 703 4580 „nescimus
720 4527 782 4588 per
797 4511 861 4569 ista
878 4517 1036 4590 tempora
1053 4511 1191 4572 eosdem
1210 4511 1283 4572 fere
1300 4520 1452 4572 sectores
