3440 5328
744 575 963 632 ..51-

261 767 386 809 oamen
412 767 436 808 S.
452 748 467 808 l
486 753 515 819 4,
534 751 650 828 103sq.
668 768 786 821 „omne
804 750 954 829 benigne
971 750 1070 821 virne,
1089 748 1266 811 odoriferis
1285 751 1439 810 Arabum

264 855 360 935 quod
376 855 497 916 doetus
513 857 545 915 in
564 857 652 916 arvis
668 904 674 918 .
690 902 696 916 .
712 902 719 916 .
734 857 872 935 carpsi‘.
901 853 1031 934 Quibus
1051 855 1215 936 exemplis
1233 858 1441 916 enumeratis

262 981 309 1023 ea
330 960 548 1044 proferantur

361 1192 545 1291 exempla
572 1191 615 1265 in
644 1192 787 1290 quibus
816 1192 986 1275 materia
1013 1193 1177 1292 ponitur
1204 1217 1277 1292 pro
1306 1219 1348 1266 re

686 1341 735 1390 ex
763 1341 811 1391 ea
839 1317 1033 1392 eonfeeta.

442 1468 471 1532 1.
494 1467 539 1532 In
563 1482 728 1533 sermone
750 1466 909 1550 pedestri
933 1465 1146 1534 adhibentur
1168 1467 1269 1534 haee:

262 1604 387 1664 arbor
403 1603 537 1664 aceedit
553 1587 596 1663 acl
612 1604 785 1663 notionem
801 1601 927 1682 lignum
946 1602 999 1664 vel
1016 1604 1111 1663 trabs
1127 1601 1231 1663 Th.X
1245 1604 1305 1664 841
1327 1605 1440 1678 „innu-

267 1728 450 1789 merosque
483 1710 612 1789 gradus
645 1710 785 1788 gemina
814 1708 901 1770 latus
931 1711 1053 1770 arbore
1082 1708 1192 1770 clusos
1221 1711 1346 1770 aerium
1378 1711 1441 1772 sibi

265 1825 384 1896 portat
400 1818 483 1877 iter“
512 1815 543 1898 (i.
559 1815 695 1896 scalas):
720 1815 904 1878 ef.Vitruv.
920 1816 950 1878 Π
969 1818 1029 1887 1,4
1049 1817 1246 1891 „arboribus
1265 1819 1441 1897 perpetuis

267 1923 376 2003 planis
402 1923 523 1984 dextra
548 1942 588 1984 ac
616 1924 751 1984 sinistra
780 1924 811 1983 in
842 1931 934 1984 terra
963 1924 1090 2003 positis
1123 1925 1233 2002 spatio
1264 1925 1354 1984 inter
1382 1943 1441 1984 eas

268 2029 395 2101 relicte,
430 2039 558 2110 quanto
583 2076 590 2090 .
614 2077 621 2091 .
645 2032 671 2090 .“
708 2037 743 2090 et
766 2027 873 2109 Verg.
894 2049 1016 2109 georg.
1037 2029 1052 2090 Ι
1075 2030 1139 2091 262
1171 2040 1291 2106 „cavat
1319 2031 1441 2091 arbore

269 2136 417 2197 lintres“.
463 2135 590 2198 Eadem
617 2155 686 2197 vox
710 2145 825 2196 exstat
849 2155 911 2214 pro
937 2134 1025 2197 malo
1046 2134 1152 2199 Tnv
1169 2137 1232 2198 373
1257 2155 1441 2216 „puppem-

269 2261 336 2322 que
353 2245 473 2304 insana
487 2241 640 2322 flagellat
657 2244 794 2304 arbor“:
815 2241 858 2304 ef.
870 2241 1006 2304 Petron.
1017 2251 1079 2304 sat.
1091 2244 1163 2316 114,
1176 2245 1215 2304 13
1236 2244 1442 2332 „nonarbor

263 2359 343 2410 erat
366 2348 493 2414 relicta.
518 2369 585 2411 non
610 2349 854 2429 gubernacula,
879 2369 945 2410 non
971 2348 1060 2410 lunis
1084 2357 1142 2410 aut
1162 2357 1295 2410 remus‘·
1322 2358 1358 2409 et
1379 2347 1441 2412 Ov.

270 2466 349 2517 met.
361 2454 412 2516 XI
428 2457 493 2516 476
513 2475 730 2536 „cornuaque
747 2457 780 2516 in
798 2475 930 2518 summa
947 2455 1036 2516 locat
1053 2457 1175 2517 arbore
1193 2465 1335 2535 totaque
1353 2455 1440 2518 malo

266 2557 412 2624 carbasa
430 2563 599 2626 deducit“.
637 2560 798 2624 Similiter
814 2565 916 2624 etiam
936 2563 1139 2624 adieetivum
1165 2565 1360 2625 arboreus
1384 2563 1441 2624 ad·

269 2670 405 2731 hibetur
439 2667 576 2731 Tnvss
602 2671 663 2732 277
701 2671 856 2748 „arborei
890 2670 974 2732 dant
1005 2679 1102 2731 scuta
1132 2671 1260 2730 sinus“:
1295 2669 1337 2732 cf.
1359 2669 1442 2732 Plin.

268 2786 337 2839 nat.
354 2775 421 2838 XII
440 2783 459 2838 ὃ
487 2778 651 2854 „arborea
668 2787 703 2837 et
719 2775 899 2838 simulacra
916 2778 1109 2838 numinum“
1137 2785 1171 2837 et
1194 2774 1295 2857 Prop.
1309 2777 1354 2838 HI
1370 2773 1441 2862 [IV]

271 2887 321 2956 22,
339 2888 379 2946 37
408 2885 659 2964 „arboreasque
684 2903 803 2945 cruces
828 2881 948 2945 Sinis“.
991 2882 1126 2944 Deinde
1151 2882 1210 2944 fax
1234 2883 1443 2963 intellegitur

269 3009 355 3052 voce
389 2991 509 3051 taeda
542 2989 727 3063 s.12,24o
763 2991 907 3070 „insigni
938 2973 1093 3069 geminat
1121 2986 1311 3051 Concordia
1340 2991 1442 3052 taeda

271 3096 434 3169 vincula·‘,
465 3097 495 3158 Π
518 3099 546 3174 7,
567 3099 618 3168 89,
642 3095 675 3157 V
693 3099 720 3170 3,
743 3098 815 3167 197,
837 3098 916 3158 278:
950 3095 992 3158 of.
1016 3095 1083 3158 Cio.
1107 3095 1186 3158 Sex.
1207 3095 1311 3158 Rosc.
1333 3101 1383 3170 24,
1401 3099 1440 3158 67

268 3205 477 3283 „perterreri
515 3203 688 3264 Furiarum
733 3203 843 3264 taedis
885 3203 1103 3264 ardentibus“
1145 3211 1181 3263 et
1218 3201 1318 3283 Prop.
1346 3203 1441 3264 [132

264 3308 327 3395 ¹[HI
344 3307 407 3393 30],
427 3313 445 3370 9
467 3311 640 3386 „accensis
657 3358 664 3373 .
681 3357 687 3371 .
703 3357 710 3370 .
727 3310 868 3370 taedis“.
901 3308 1054 3370 Fistula
1072 3311 1264 3371 nominatur
1281 3329 1342 3392 pro
1359 3310 1442 3369 tibia

267 3416 350 3479 sm
365 3419 393 3490 3,
405 3419 446 3478 58
466 3434 550 3493 „nec
566 3418 701 3477 erubuit
713 3414 908 3505 famulantis
922 3414 1032 3477 fistula
1044 3414 1194 3477 Phoebi*
1214 3424 1250 3476 et
1267 3415 1352 3477 Tul
1365 3418 1442 3478 585:

269 3523 313 3584 cf.
329 3521 396 3584 Cic.
413 3523 456 3584 de
477 3543 523 3584 or.
539 3523 585 3584 ΠΙ
605 3525 655 3596 60,
673 3525 735 3584 225
759 3522 965 3600 „eburneola
982 3571 989 3584 .
1006 3570 1013 3584 .
1029 3571 1036 3584 .
1053 3521 1182 3584 fistula“
1207 3531 1243 3582 et
1259 3522 1365 3602 Verg.
1382 3522 1442 3584 ecl.

269 3629 305 3690 X
323 3631 364 3690 34
391 3639 525 3708 „vestra
550 3648 646 3691 meos
670 3629 745 3690 olim
772 3631 798 3690 si
823 3627 933 3689 fistula
955 3629 1046 3690 dicat
1067 3631 1234 3691 amores“.

360 3733 558 3816 Sequuntur
599 3734 758 3816 exempla
797 3737 830 3796 in
872 3736 993 3815 quibus
1036 3735 1170 3797 metalla
1212 3737 1442 3798 nominantur:

236 3899 239 3904 r
269 3842 417 3904 ferrum
445 3841 570 3924 legitur
593 3861 655 3922 pro
681 3843 782 3903 armis
803 3861 828 3903 s
840 3841 855 3902 l
869 3843 897 3914 6,
909 3843 949 3904 53
974 3850 1062 3918 „stat
1078 3861 1180 3903 sexus
1197 3843 1288 3904 rudis
1304 3837 1441 3904 inscius·

271 3969 337 4030 que
354 3949 465 4022 ferri“,
489 3947 551 4010 Th.
566 3949 596 4010 11
615 3951 677 4010 491
704 3950 840 4029 passim,
863 3949 906 4009 A.
918 3949 934 4009 Ι
948 3949 1028 4010 481:
1049 3948 1091 4012 cf.
1104 3946 1171 4010 Cic.
1182 3948 1321 4013 Tusc.I1
1335 3951 1384 4022 17,
1398 3954 1439 4012 41

269 4075 363 4128 „oum
379 4075 461 4117 vero
475 4064 593 4116 sontes
605 4054 694 4116 ferro
710 4055 973 4135 depugnabant‘
985 4065 1020 4115 et
1031 4055 1114 4117 Enn.
1124 4075 1201 4120 ann.
1213 4058 1276 4118 398
1290 4075 1440 4130 „occum-

267 4164 356 4223 bunt
373 4162 466 4223 multi
483 4161 585 4223 letum
603 4161 765 4242 ferroque
782 4162 950 4242 lapique‘⁴.
980 4159 1094 4242 Saepe
1111 4164 1201 4224 ensis
1218 4163 1439 4242 intellegitur:

265 4269 464 4341 s.V1,199
492 4267 635 4346 „ferrum
662 4268 777 4330 laxare
800 4270 925 4349 cupit“,
949 4267 1041 4331 Th.l
1062 4270 1125 4330 613
1150 4270 1290 4348 passim:
1315 4268 1356 4333 of.
1373 4266 1440 4333 Cic.

266 4376 437 4439 nat.deor.
447 4375 493 4436 HI
504 4377 554 4447 33,
563 4376 602 4437 81
617 4373 780 4450 „Drusum
794 4374 893 4449 ferro,
905 4374 1075 4436 Metellum
1089 4394 1222 4437 veneno
1234 4375 1441 4449 sustulerat“,

262 4483 354 4544 Eun.
365 4501 441 4543 ann.
454 4483 515 4543 127
535 4482 727 4560 „caedimus
742 4480 864 4554 ferro“,
877 4479 1132 4560 Verg.Aen.VI
1146 4483 1209 4543 260
1227 4483 1440 4561 „vaginaque
1494 4560 1508 4586 ι
1529 4490 1532 4495 “

1239 4600 1276 4654 4*
