<?xml version="1.0" encoding="UTF-8"?>
<!DOCTYPE html PUBLIC "-//W3C//DTD XHTML 1.0 Transitional//EN"
    "http://www.w3.org/TR/xhtml1/DTD/xhtml1-transitional.dtd">
<html xmlns="http://www.w3.org/1999/xhtml" xml:lang="en" lang="en">
 <head>
  <title>
</title>
<meta http-equiv="Content-Type" content="text/html;charset=utf-8" />
  <meta name='ocr-system' content='tesseract 3.04.00' />
  <meta name='ocr-capabilities' content='ocr_page ocr_carea ocr_par ocr_line ocrx_word'/>
</head>
<body>
  <div class='ocr_page' id='page_1' title='image "./desynecdochaeap00lundgoog_0009.png"; bbox 0 0 3440 5328; ppageno 0'>
   <div class='ocr_carea' id='block_1_1' title="bbox 823 603 1021 660">
    <p class='ocr_par' dir='ltr' id='par_1_1' title="bbox 823 603 1021 660">
     <span class='ocr_line' id='line_1_1' title="bbox 823 603 1021 660; baseline 0 -16"><span class='ocrx_word' id='word_1_1' title='bbox 823 603 1021 660; x_wconf 76' lang='grc'>-6-</span> 
     </span>
    </p>
   </div>
   <div class='ocr_carea' id='block_1_2' title="bbox 335 775 1561 4058">
    <p class='ocr_par' dir='ltr' id='par_1_2' title="bbox 335 775 1510 1905">
     <span class='ocr_line' id='line_1_2' title="bbox 335 775 1508 858; baseline 0 -19"><span class='ocrx_word' id='word_1_2' title='bbox 335 778 502 840; x_wconf 89' lang='lat' dir='ltr'>vocabulo</span> <span class='ocrx_word' id='word_1_3' title='bbox 527 779 712 839; x_wconf 83' lang='lat' dir='ltr'>subiciatur</span> <span class='ocrx_word' id='word_1_4' title='bbox 736 797 837 858; x_wconf 89' lang='lat' dir='ltr'>quam</span> <span class='ocrx_word' id='word_1_5' title='bbox 863 779 937 856; x_wconf 87' lang='lat' dir='ltr'>ipsa</span> <span class='ocrx_word' id='word_1_6' title='bbox 961 798 1029 840; x_wconf 80' lang='lat' dir='ltr'>vox</span> <span class='ocrx_word' id='word_1_7' title='bbox 1056 787 1208 839; x_wconf 89' lang='lat' dir='ltr'>novetur.</span> <span class='ocrx_word' id='word_1_8' title='bbox 1249 775 1304 836; x_wconf 63' lang='lat' dir='ltr'>Ne,</span> <span class='ocrx_word' id='word_1_9' title='bbox 1322 797 1389 838; x_wconf 92' lang='lat' dir='ltr'>non</span> <span class='ocrx_word' id='word_1_10' title='bbox 1412 785 1508 838; x_wconf 90' lang='lat' dir='ltr'>recto</span> 
     </span>
     <span class='ocr_line' id='line_1_3' title="bbox 335 883 1508 964; baseline 0 -20"><span class='ocrx_word' id='word_1_11' title='bbox 335 886 455 964; x_wconf 84' lang='lat' dir='ltr'>generi</span> <span class='ocrx_word' id='word_1_12' title='bbox 481 883 642 947; x_wconf 91' lang='lat' dir='ltr'>nonnulla</span> <span class='ocrx_word' id='word_1_13' title='bbox 666 885 896 945; x_wconf 82' lang='lat' dir='ltr'>attribuantur</span> <span class='ocrx_word' id='word_1_14' title='bbox 919 884 1105 964; x_wconf 88' lang='lat' dir='ltr'>periculum</span> <span class='ocrx_word' id='word_1_15' title='bbox 1133 903 1208 944; x_wconf 89' lang='lat' dir='ltr'>esse</span> <span class='ocrx_word' id='word_1_16' title='bbox 1235 903 1301 943; x_wconf 92' lang='lat' dir='ltr'>non</span> <span class='ocrx_word' id='word_1_17' title='bbox 1327 903 1508 963; x_wconf 87' lang='lat' dir='ltr'>negamus:</span> 
     </span>
     <span class='ocr_line' id='line_1_4' title="bbox 336 990 1508 1071; baseline -0.002 -19"><span class='ocrx_word' id='word_1_18' title='bbox 336 1010 411 1052; x_wconf 90' lang='lat' dir='ltr'>cum</span> <span class='ocrx_word' id='word_1_19' title='bbox 442 993 530 1053; x_wconf 89' lang='lat' dir='ltr'>enim</span> <span class='ocrx_word' id='word_1_20' title='bbox 562 990 748 1052; x_wconf 87' lang='lat' dir='ltr'>litterarum</span> <span class='ocrx_word' id='word_1_21' title='bbox 780 1011 859 1071; x_wconf 90' lang='lat' dir='ltr'>pars</span> <span class='ocrx_word' id='word_1_22' title='bbox 883 991 975 1052; x_wconf 87' lang='lat' dir='ltr'>haud</span> <span class='ocrx_word' id='word_1_23' title='bbox 1002 993 1128 1070; x_wconf 83' lang='lat' dir='ltr'>exigna</span> <span class='ocrx_word' id='word_1_24' title='bbox 1152 991 1330 1064; x_wconf 89' lang='lat' dir='ltr'>interierit,</span> <span class='ocrx_word' id='word_1_25' title='bbox 1354 990 1508 1071; x_wconf 83' lang='lat' dir='ltr'>singulae</span> 
     </span>
     <span class='ocr_line' id='line_1_5' title="bbox 335 1094 1508 1177; baseline -0.001 -19"><span class='ocrx_word' id='word_1_26' title='bbox 335 1097 524 1158; x_wconf 92' lang='lat' dir='ltr'>locutiones</span> <span class='ocrx_word' id='word_1_27' title='bbox 548 1106 628 1158; x_wconf 87' lang='lat' dir='ltr'>ante</span> <span class='ocrx_word' id='word_1_28' title='bbox 654 1094 809 1169; x_wconf 88' lang='lat' dir='ltr'>Statium,</span> <span class='ocrx_word' id='word_1_29' title='bbox 836 1099 990 1177; x_wconf 86' lang='lat' dir='ltr'>quamvis</span> <span class='ocrx_word' id='word_1_30' title='bbox 1014 1098 1198 1168; x_wconf 87' lang='lat' dir='ltr'>rarissime,</span> <span class='ocrx_word' id='word_1_31' title='bbox 1225 1105 1407 1176; x_wconf 89' lang='lat' dir='ltr'>usurpatae</span> <span class='ocrx_word' id='word_1_32' title='bbox 1433 1116 1508 1157; x_wconf 90' lang='lat' dir='ltr'>esse</span> 
     </span>
     <span class='ocr_line' id='line_1_6' title="bbox 335 1202 1509 1284; baseline 0 -20"><span class='ocrx_word' id='word_1_33' title='bbox 335 1215 491 1284; x_wconf 87' lang='lat' dir='ltr'>possunt,</span> <span class='ocrx_word' id='word_1_34' title='bbox 517 1223 602 1284; x_wconf 90' lang='lat' dir='ltr'>quas</span> <span class='ocrx_word' id='word_1_35' title='bbox 631 1223 720 1264; x_wconf 90' lang='lat' dir='ltr'>nunc</span> <span class='ocrx_word' id='word_1_36' title='bbox 750 1213 893 1265; x_wconf 88' lang='lat' dir='ltr'>novatas</span> <span class='ocrx_word' id='word_1_37' title='bbox 918 1224 994 1264; x_wconf 90' lang='lat' dir='ltr'>esse</span> <span class='ocrx_word' id='word_1_38' title='bbox 1019 1212 1191 1283; x_wconf 91' lang='lat' dir='ltr'>putamus,</span> <span class='ocrx_word' id='word_1_39' title='bbox 1221 1202 1402 1264; x_wconf 86' lang='lat' dir='ltr'>nonnullae</span> <span class='ocrx_word' id='word_1_40' title='bbox 1426 1223 1509 1265; x_wconf 89' lang='lat' dir='ltr'>vero</span> 
     </span>
     <span class='ocr_line' id='line_1_7' title="bbox 337 1309 1510 1391; baseline 0 -21"><span class='ocrx_word' id='word_1_41' title='bbox 337 1309 533 1390; x_wconf 88' lang='lat' dir='ltr'>neglectae,</span> <span class='ocrx_word' id='word_1_42' title='bbox 558 1329 645 1391; x_wconf 89' lang='lat' dir='ltr'>quae</span> <span class='ocrx_word' id='word_1_43' title='bbox 670 1311 798 1371; x_wconf 90' lang='lat' dir='ltr'>maiore</span> <span class='ocrx_word' id='word_1_44' title='bbox 823 1311 966 1370; x_wconf 87' lang='lat' dir='ltr'>scientia</span> <span class='ocrx_word' id='word_1_45' title='bbox 990 1309 1199 1390; x_wconf 86' lang='lat' dir='ltr'>legendique</span> <span class='ocrx_word' id='word_1_46' title='bbox 1224 1310 1334 1371; x_wconf 88' lang='lat' dir='ltr'>studio</span> <span class='ocrx_word' id='word_1_47' title='bbox 1359 1309 1510 1391; x_wconf 88' lang='lat' dir='ltr'>suppleri</span> 
     </span>
     <span class='ocr_line' id='line_1_8' title="bbox 336 1414 1507 1498; baseline 0 -21"><span class='ocrx_word' id='word_1_48' title='bbox 336 1437 466 1498; x_wconf 90' lang='lat' dir='ltr'>suoque</span> <span class='ocrx_word' id='word_1_49' title='bbox 491 1417 565 1478; x_wconf 95' lang='lat' dir='ltr'>loco</span> <span class='ocrx_word' id='word_1_50' title='bbox 591 1418 671 1497; x_wconf 92' lang='lat' dir='ltr'>poni</span> <span class='ocrx_word' id='word_1_51' title='bbox 695 1427 846 1497; x_wconf 88' lang='lat' dir='ltr'>possunt.</span> <span class='ocrx_word' id='word_1_52' title='bbox 887 1414 1041 1478; x_wconf 87' lang='lat' dir='ltr'>Graecus</span> <span class='ocrx_word' id='word_1_53' title='bbox 1066 1436 1178 1478; x_wconf 90' lang='lat' dir='ltr'>sermo</span> <span class='ocrx_word' id='word_1_54' title='bbox 1203 1417 1247 1477; x_wconf 89' lang='lat' dir='ltr'>ad</span> <span class='ocrx_word' id='word_1_55' title='bbox 1272 1419 1507 1497; x_wconf 88' lang='lat' dir='ltr'>quaestionem</span> 
     </span>
     <span class='ocr_line' id='line_1_9' title="bbox 336 1522 1510 1604; baseline 0 -20"><span class='ocrx_word' id='word_1_56' title='bbox 336 1543 404 1584; x_wconf 92' lang='lat' dir='ltr'>non</span> <span class='ocrx_word' id='word_1_57' title='bbox 430 1524 620 1597; x_wconf 89' lang='lat' dir='ltr'>adhibetur,</span> <span class='ocrx_word' id='word_1_58' title='bbox 645 1543 722 1584; x_wconf 90' lang='lat' dir='ltr'>cum</span> <span class='ocrx_word' id='word_1_59' title='bbox 746 1525 805 1584; x_wconf 85' lang='lat' dir='ltr'>vix</span> <span class='ocrx_word' id='word_1_60' title='bbox 828 1531 959 1584; x_wconf 91' lang='lat' dir='ltr'>tantam</span> <span class='ocrx_word' id='word_1_61' title='bbox 980 1524 1047 1584; x_wconf 92' lang='lat' dir='ltr'>vim</span> <span class='ocrx_word' id='word_1_62' title='bbox 1067 1522 1226 1596; x_wconf 89' lang='lat' dir='ltr'>attulerit,</span> <span class='ocrx_word' id='word_1_63' title='bbox 1250 1525 1277 1584; x_wconf 94' lang='lat' dir='ltr'>si</span> <span class='ocrx_word' id='word_1_64' title='bbox 1295 1525 1510 1604; x_wconf 88' lang='lat' dir='ltr'>excipiuntur</span> 
     </span>
     <span class='ocr_line' id='line_1_10' title="bbox 336 1629 1510 1711; baseline 0 -21"><span class='ocrx_word' id='word_1_65' title='bbox 336 1649 446 1710; x_wconf 87' lang='lat' dir='ltr'>pauca</span> <span class='ocrx_word' id='word_1_66' title='bbox 479 1631 617 1691; x_wconf 90' lang='lat' dir='ltr'>nomina</span> <span class='ocrx_word' id='word_1_67' title='bbox 651 1629 744 1691; x_wconf 90' lang='lat' dir='ltr'>velut</span> <span class='ocrx_word' id='word_1_68' title='bbox 776 1630 944 1702; x_wconf 78' lang='lat' dir='ltr'>AchivuS,</span> <span class='ocrx_word' id='word_1_69' title='bbox 983 1631 1149 1709; x_wconf 79' lang='lat' dir='ltr'>ArgivuS,</span> <span class='ocrx_word' id='word_1_70' title='bbox 1187 1629 1328 1691; x_wconf 88' lang='lat' dir='ltr'>Danaus</span> <span class='ocrx_word' id='word_1_71' title='bbox 1368 1630 1510 1711; x_wconf 87' lang='lat' dir='ltr'>aliaque,</span> 
     </span>
     <span class='ocr_line' id='line_1_11' title="bbox 337 1736 1510 1818; baseline 0 -21"><span class='ocrx_word' id='word_1_72' title='bbox 337 1757 425 1818; x_wconf 84' lang='lat' dir='ltr'>quae</span> <span class='ocrx_word' id='word_1_73' title='bbox 450 1745 602 1799; x_wconf 90' lang='lat' dir='ltr'>ceterum</span> <span class='ocrx_word' id='word_1_74' title='bbox 629 1756 696 1797; x_wconf 91' lang='lat' dir='ltr'>non</span> <span class='ocrx_word' id='word_1_75' title='bbox 721 1738 794 1796; x_wconf 90' lang='lat' dir='ltr'>sine</span> <span class='ocrx_word' id='word_1_76' title='bbox 819 1736 955 1796; x_wconf 89' lang='lat' dir='ltr'>licentia</span> <span class='ocrx_word' id='word_1_77' title='bbox 982 1745 1142 1816; x_wconf 83' lang='lat' dir='ltr'>usurpata</span> <span class='ocrx_word' id='word_1_78' title='bbox 1167 1757 1242 1798; x_wconf 88' lang='lat' dir='ltr'>esse</span> <span class='ocrx_word' id='word_1_79' title='bbox 1266 1736 1353 1813; x_wconf 85' lang='lat' dir='ltr'>infra</span> <span class='ocrx_word' id='word_1_80' title='bbox 1371 1737 1510 1798; x_wconf 92' lang='lat' dir='ltr'>demon·</span> 
     </span>
     <span class='ocr_line' id='line_1_12' title="bbox 337 1845 611 1905; baseline 0.004 -1"><span class='ocrx_word' id='word_1_81' title='bbox 337 1845 512 1905; x_wconf 88' lang='lat' dir='ltr'>strandum</span> <span class='ocrx_word' id='word_1_82' title='bbox 539 1846 611 1905; x_wconf 86' lang='lat' dir='ltr'>erit.</span> 
     </span>
    </p>

    <p class='ocr_par' dir='ltr' id='par_1_3' title="bbox 336 1949 1561 3204">
     <span class='ocr_line' id='line_1_13' title="bbox 426 1949 1510 2030; baseline 0.002 -20"><span class='ocrx_word' id='word_1_83' title='bbox 426 1949 523 2011; x_wconf 89' lang='lat' dir='ltr'>Haeo</span> <span class='ocrx_word' id='word_1_84' title='bbox 561 1969 637 2011; x_wconf 92' lang='lat' dir='ltr'>cum</span> <span class='ocrx_word' id='word_1_85' title='bbox 661 1950 715 2010; x_wconf 91' lang='lat' dir='ltr'>-de</span> <span class='ocrx_word' id='word_1_86' title='bbox 755 1951 887 2011; x_wconf 90' lang='lat' dir='ltr'>ratione</span> <span class='ocrx_word' id='word_1_87' title='bbox 922 1957 958 2009; x_wconf 90' lang='lat' dir='ltr'>et</span> <span class='ocrx_word' id='word_1_88' title='bbox 996 1949 1135 2010; x_wconf 90' lang='lat' dir='ltr'>consilio</span> <span class='ocrx_word' id='word_1_89' title='bbox 1169 1951 1266 2010; x_wconf 91' lang='lat' dir='ltr'>huius</span> <span class='ocrx_word' id='word_1_90' title='bbox 1301 1952 1510 2030; x_wconf 89' lang='lat' dir='ltr'>quaestionis</span> 
     </span>
     <span class='ocr_line' id='line_1_14' title="bbox 336 2055 1511 2137; baseline 0.002 -21"><span class='ocrx_word' id='word_1_91' title='bbox 336 2055 482 2136; x_wconf 87' lang='lat' dir='ltr'>praelati</span> <span class='ocrx_word' id='word_1_92' title='bbox 510 2058 627 2130; x_wconf 77' lang='lat' dir='ltr'>simuS,</span> <span class='ocrx_word' id='word_1_93' title='bbox 655 2065 776 2129; x_wconf 88' lang='lat' dir='ltr'>restat,</span> <span class='ocrx_word' id='word_1_94' title='bbox 806 2070 842 2117; x_wconf 90' lang='lat' dir='ltr'>ut</span> <span class='ocrx_word' id='word_1_95' title='bbox 872 2057 915 2116; x_wconf 94' lang='lat' dir='ltr'>ad</span> <span class='ocrx_word' id='word_1_96' title='bbox 939 2059 1048 2136; x_wconf 90' lang='lat' dir='ltr'>ipsum</span> <span class='ocrx_word' id='word_1_97' title='bbox 1064 2066 1208 2136; x_wconf 81' lang='lat' dir='ltr'>¹tropum</span> <span class='ocrx_word' id='word_1_98' title='bbox 1236 2057 1278 2117; x_wconf 91' lang='lat' dir='ltr'>de</span> <span class='ocrx_word' id='word_1_99' title='bbox 1305 2076 1371 2137; x_wconf 91' lang='lat' dir='ltr'>quo</span> <span class='ocrx_word' id='word_1_100' title='bbox 1398 2059 1511 2136; x_wconf 90' lang='lat' dir='ltr'>agitur</span> 
     </span>
     <span class='ocr_line' id='line_1_15' title="bbox 337 2157 1561 2242; baseline 0 -18"><span class='ocrx_word' id='word_1_101' title='bbox 337 2163 555 2224; x_wconf 87' lang='lat' dir='ltr'>advertamus</span> <span class='ocrx_word' id='word_1_102' title='bbox 585 2164 743 2224; x_wconf 92' lang='lat' dir='ltr'>animum.</span> <span class='ocrx_word' id='word_1_103' title='bbox 788 2162 843 2224; x_wconf 90' lang='lat' dir='ltr'>De</span> <span class='ocrx_word' id='word_1_104' title='bbox 873 2183 913 2224; x_wconf 89' lang='lat' dir='ltr'>eo</span> <span class='ocrx_word' id='word_1_105' title='bbox 943 2165 1015 2242; x_wconf 90' lang='lat' dir='ltr'>ipso</span> <span class='ocrx_word' id='word_1_106' title='bbox 1047 2182 1114 2223; x_wconf 92' lang='lat' dir='ltr'>non</span> <span class='ocrx_word' id='word_1_107' title='bbox 1145 2163 1331 2237; x_wconf 89' lang='lat' dir='ltr'>disseritur,</span> <span class='ocrx_word' id='word_1_108' title='bbox 1361 2184 1403 2224; x_wconf 91' lang='lat' dir='ltr'>ne</span> <span class='ocrx_word' id='word_1_109' title='bbox 1433 2173 1511 2224; x_wconf 84' lang='lat' dir='ltr'>acta</span> <span class='ocrx_word' id='word_1_110' title='bbox 1559 2157 1561 2162; x_wconf 68' lang='grc'><strong>’</strong></span> 
     </span>
     <span class='ocr_line' id='line_1_16' title="bbox 337 2271 1507 2350; baseline 0.001 -20"><span class='ocrx_word' id='word_1_111' title='bbox 337 2280 495 2350; x_wconf 91' lang='lat' dir='ltr'>agantur,</span> <span class='ocrx_word' id='word_1_112' title='bbox 512 2271 671 2350; x_wconf 89' lang='lat' dir='ltr'>quoniam</span> <span class='ocrx_word' id='word_1_113' title='bbox 690 2278 830 2350; x_wconf 86' lang='lat' dir='ltr'>praeter</span> <span class='ocrx_word' id='word_1_114' title='bbox 846 2278 982 2330; x_wconf 86' lang='lat' dir='ltr'>ceteros</span> <span class='ocrx_word' id='word_1_115' title='bbox 1000 2272 1056 2350; x_wconf 90' lang='lat' dir='ltr'>qui</span> <span class='ocrx_word' id='word_1_116' title='bbox 1075 2271 1253 2331; x_wconf 88' lang='lat' dir='ltr'>universim</span> <span class='ocrx_word' id='word_1_117' title='bbox 1274 2271 1316 2331; x_wconf 91' lang='lat' dir='ltr'>de</span> <span class='ocrx_word' id='word_1_118' title='bbox 1335 2279 1507 2350; x_wconf 91' lang='lat' dir='ltr'>troporum</span> 
     </span>
     <span class='ocr_line' id='line_1_17' title="bbox 337 2375 1510 2467; baseline 0.001 -31"><span class='ocrx_word' id='word_1_119' title='bbox 337 2377 470 2437; x_wconf 91' lang='lat' dir='ltr'>ratione</span> <span class='ocrx_word' id='word_1_120' title='bbox 496 2385 652 2456; x_wconf 91' lang='lat' dir='ltr'>egerunt,</span> <span class='ocrx_word' id='word_1_121' title='bbox 676 2387 755 2457; x_wconf 87' lang='lat' dir='ltr'>post</span> <span class='ocrx_word' id='word_1_122' title='bbox 771 2375 1039 2467; x_wconf 77' lang='lat' dir='ltr'>Lindslrogium¹</span> <span class='ocrx_word' id='word_1_123' title='bbox 1059 2388 1155 2438; x_wconf 86' lang='lat' dir='ltr'>recte</span> <span class='ocrx_word' id='word_1_124' title='bbox 1173 2375 1355 2439; x_wconf 87' lang='lat' dir='ltr'>Gualterus</span> <span class='ocrx_word' id='word_1_125' title='bbox 1371 2375 1510 2438; x_wconf 87' lang='lat' dir='ltr'>Stietzel</span> 
     </span>
     <span class='ocr_line' id='line_1_18' title="bbox 337 2482 1510 2564; baseline 0.001 -20"><span class='ocrx_word' id='word_1_126' title='bbox 337 2485 368 2544; x_wconf 92' lang='lat' dir='ltr'>in</span> <span class='ocrx_word' id='word_1_127' title='bbox 395 2485 686 2544; x_wconf 87' lang='lat' dir='ltr'>commentatione</span> <span class='ocrx_word' id='word_1_128' title='bbox 711 2503 770 2544; x_wconf 87' lang='lat' dir='ltr'>sua</span> <span class='ocrx_word' id='word_1_129' title='bbox 796 2502 870 2543; x_wconf 87' lang='lat' dir='ltr'>eum</span> <span class='ocrx_word' id='word_1_130' title='bbox 898 2482 1088 2562; x_wconf 84' lang='lat' dir='ltr'>explicasse</span> <span class='ocrx_word' id='word_1_131' title='bbox 1114 2484 1262 2560; x_wconf 83' lang='lat' dir='ltr'>videtur3</span> <span class='ocrx_word' id='word_1_132' title='bbox 1286 2487 1403 2564; x_wconf 88' lang='lat' dir='ltr'>itaque</span> <span class='ocrx_word' id='word_1_133' title='bbox 1420 2486 1510 2545; x_wconf 88' lang='lat' dir='ltr'>hunc</span> 
     </span>
     <span class='ocr_line' id='line_1_19' title="bbox 336 2590 1509 2670; baseline 0.002 -20"><span class='ocrx_word' id='word_1_134' title='bbox 336 2591 443 2651; x_wconf 90' lang='lat' dir='ltr'>virum</span> <span class='ocrx_word' id='word_1_135' title='bbox 489 2590 627 2650; x_wconf 89' lang='lat' dir='ltr'>doctum</span> <span class='ocrx_word' id='word_1_136' title='bbox 673 2593 781 2650; x_wconf 89' lang='lat' dir='ltr'>secuti</span> <span class='ocrx_word' id='word_1_137' title='bbox 826 2590 1011 2650; x_wconf 87' lang='lat' dir='ltr'>secundum</span> <span class='ocrx_word' id='word_1_138' title='bbox 1062 2599 1223 2669; x_wconf 87' lang='lat' dir='ltr'>quattuor</span> <span class='ocrx_word' id='word_1_139' title='bbox 1270 2592 1509 2670; x_wconf 88' lang='lat' dir='ltr'>synecdochae</span> 
     </span>
     <span class='ocr_line' id='line_1_20' title="bbox 337 2698 1511 2777; baseline 0.002 -21"><span class='ocrx_word' id='word_1_140' title='bbox 337 2698 471 2776; x_wconf 90' lang='lat' dir='ltr'>species</span> <span class='ocrx_word' id='word_1_141' title='bbox 514 2698 750 2758; x_wconf 88' lang='lat' dir='ltr'>constituimus</span> <span class='ocrx_word' id='word_1_142' title='bbox 791 2705 952 2776; x_wconf 88' lang='lat' dir='ltr'>quattuor</span> <span class='ocrx_word' id='word_1_143' title='bbox 995 2699 1098 2757; x_wconf 92' lang='lat' dir='ltr'>totius</span> <span class='ocrx_word' id='word_1_144' title='bbox 1138 2699 1346 2777; x_wconf 87' lang='lat' dir='ltr'>quaestionis</span> <span class='ocrx_word' id='word_1_145' title='bbox 1385 2711 1511 2777; x_wconf 87' lang='lat' dir='ltr'>partes,</span> 
     </span>
     <span class='ocr_line' id='line_1_21' title="bbox 338 2796 1510 2884; baseline 0.002 -21"><span class='ocrx_word' id='word_1_146' title='bbox 338 2823 478 2883; x_wconf 93' lang='lat' dir='ltr'>quarum</span> <span class='ocrx_word' id='word_1_147' title='bbox 509 2805 618 2884; x_wconf 90' lang='lat' dir='ltr'>prima</span> <span class='ocrx_word' id='word_1_148' title='bbox 646 2805 801 2864; x_wconf 88' lang='lat' dir='ltr'>continet</span> <span class='ocrx_word' id='word_1_149' title='bbox 829 2803 1001 2882; x_wconf 76' lang='lat' dir='ltr'>exempla,</span> <span class='ocrx_word' id='word_1_150' title='bbox 1029 2805 1061 2863; x_wconf 93' lang='lat' dir='ltr'>in</span> <span class='ocrx_word' id='word_1_151' title='bbox 1089 2805 1210 2884; x_wconf 88' lang='lat' dir='ltr'>quibus</span> <span class='ocrx_word' id='word_1_152' title='bbox 1239 2796 1317 2883; x_wconf 86' lang='lat' dir='ltr'>pars</span> <span class='ocrx_word' id='word_1_153' title='bbox 1346 2823 1407 2884; x_wconf 92' lang='lat' dir='ltr'>pro</span> <span class='ocrx_word' id='word_1_154' title='bbox 1436 2813 1510 2865; x_wconf 88' lang='lat' dir='ltr'>toto</span> 
     </span>
     <span class='ocr_line' id='line_1_22' title="bbox 337 2910 1509 2991; baseline 0.002 -21"><span class='ocrx_word' id='word_1_155' title='bbox 337 2911 482 2990; x_wconf 91' lang='lat' dir='ltr'>ponitur,</span> <span class='ocrx_word' id='word_1_156' title='bbox 506 2911 658 2971; x_wconf 89' lang='lat' dir='ltr'>secunda</span> <span class='ocrx_word' id='word_1_157' title='bbox 681 2912 714 2970; x_wconf 91' lang='lat' dir='ltr'>in</span> <span class='ocrx_word' id='word_1_158' title='bbox 741 2911 863 2990; x_wconf 89' lang='lat' dir='ltr'>quibus</span> <span class='ocrx_word' id='word_1_159' title='bbox 888 2911 961 2970; x_wconf 86' lang='lat' dir='ltr'>vice</span> <span class='ocrx_word' id='word_1_160' title='bbox 986 2929 1086 2971; x_wconf 89' lang='lat' dir='ltr'>versa</span> <span class='ocrx_word' id='word_1_161' title='bbox 1110 2921 1217 2971; x_wconf 88' lang='lat' dir='ltr'>totum</span> <span class='ocrx_word' id='word_1_162' title='bbox 1242 2910 1427 2972; x_wconf 89' lang='lat' dir='ltr'>collocatur</span> <span class='ocrx_word' id='word_1_163' title='bbox 1448 2931 1509 2991; x_wconf 92' lang='lat' dir='ltr'>pro</span> 
     </span>
     <span class='ocr_line' id='line_1_23' title="bbox 337 3017 1510 3097; baseline 0.002 -21"><span class='ocrx_word' id='word_1_164' title='bbox 337 3025 449 3096; x_wconf 92' lang='lat' dir='ltr'>parte,</span> <span class='ocrx_word' id='word_1_165' title='bbox 474 3018 578 3077; x_wconf 82' lang='lat' dir='ltr'>tertia</span> <span class='ocrx_word' id='word_1_166' title='bbox 600 3019 632 3077; x_wconf 92' lang='lat' dir='ltr'>in</span> <span class='ocrx_word' id='word_1_167' title='bbox 658 3018 780 3096; x_wconf 89' lang='lat' dir='ltr'>quibus</span> <span class='ocrx_word' id='word_1_168' title='bbox 805 3036 917 3096; x_wconf 91' lang='lat' dir='ltr'>genus</span> <span class='ocrx_word' id='word_1_169' title='bbox 941 3035 1003 3096; x_wconf 91' lang='lat' dir='ltr'>pro</span> <span class='ocrx_word' id='word_1_170' title='bbox 1028 3019 1143 3096; x_wconf 88' lang='lat' dir='ltr'>specie</span> <span class='ocrx_word' id='word_1_171' title='bbox 1168 3017 1305 3096; x_wconf 87' lang='lat' dir='ltr'>legitur,</span> <span class='ocrx_word' id='word_1_172' title='bbox 1332 3029 1453 3097; x_wconf 87' lang='lat' dir='ltr'>quarta</span> <span class='ocrx_word' id='word_1_173' title='bbox 1477 3019 1510 3078; x_wconf 91' lang='lat' dir='ltr'>in</span> 
     </span>
     <span class='ocr_line' id='line_1_24' title="bbox 340 3124 913 3204; baseline 0 -20"><span class='ocrx_word' id='word_1_174' title='bbox 340 3124 460 3204; x_wconf 88' lang='lat' dir='ltr'>quibus</span> <span class='ocrx_word' id='word_1_175' title='bbox 484 3125 657 3185; x_wconf 89' lang='lat' dir='ltr'>contraria</span> <span class='ocrx_word' id='word_1_176' title='bbox 680 3125 766 3185; x_wconf 88' lang='lat' dir='ltr'>ratio</span> <span class='ocrx_word' id='word_1_177' title='bbox 792 3133 913 3184; x_wconf 85' lang='lat' dir='ltr'>exstat.</span> 
     </span>
    </p>

    <p class='ocr_par' dir='ltr' id='par_1_4' title="bbox 337 3228 1510 4058">
     <span class='ocr_line' id='line_1_25' title="bbox 427 3228 1509 3310; baseline 0.001 -20"><span class='ocrx_word' id='word_1_178' title='bbox 427 3228 495 3291; x_wconf 88' lang='lat' dir='ltr'>Sed</span> <span class='ocrx_word' id='word_1_179' title='bbox 516 3249 593 3291; x_wconf 91' lang='lat' dir='ltr'>cum</span> <span class='ocrx_word' id='word_1_180' title='bbox 612 3231 654 3290; x_wconf 92' lang='lat' dir='ltr'>de</span> <span class='ocrx_word' id='word_1_181' title='bbox 675 3239 797 3291; x_wconf 87' lang='lat' dir='ltr'>natura</span> <span class='ocrx_word' id='word_1_182' title='bbox 815 3232 903 3310; x_wconf 92' lang='lat' dir='ltr'>tropi</span> <span class='ocrx_word' id='word_1_183' title='bbox 925 3231 1129 3310; x_wconf 86' lang='lat' dir='ltr'>explicanda</span> <span class='ocrx_word' id='word_1_184' title='bbox 1148 3233 1369 3304; x_wconf 88' lang='lat' dir='ltr'>consentiam,</span> <span class='ocrx_word' id='word_1_185' title='bbox 1394 3240 1509 3292; x_wconf 91' lang='lat' dir='ltr'>tamen</span> 
     </span>
     <span class='ocr_line' id='line_1_26' title="bbox 338 3335 1509 3417; baseline 0.001 -20"><span class='ocrx_word' id='word_1_186' title='bbox 338 3339 370 3397; x_wconf 93' lang='lat' dir='ltr'>in</span> <span class='ocrx_word' id='word_1_187' title='bbox 400 3335 568 3398; x_wconf 87' lang='lat' dir='ltr'>nonnullis</span> <span class='ocrx_word' id='word_1_188' title='bbox 597 3337 763 3417; x_wconf 79' lang='lat' dir='ltr'>exemplis</span> <span class='ocrx_word' id='word_1_189' title='bbox 792 3338 998 3417; x_wconf 90' lang='lat' dir='ltr'>accipiendis</span> <span class='ocrx_word' id='word_1_190' title='bbox 1027 3337 1157 3398; x_wconf 89' lang='lat' dir='ltr'>illorum</span> <span class='ocrx_word' id='word_1_191' title='bbox 1188 3339 1332 3398; x_wconf 90' lang='lat' dir='ltr'>virorum</span> <span class='ocrx_word' id='word_1_192' title='bbox 1364 3338 1408 3398; x_wconf 94' lang='lat' dir='ltr'>ad</span> <span class='ocrx_word' id='word_1_193' title='bbox 1436 3357 1509 3398; x_wconf 90' lang='lat' dir='ltr'>sen·</span> 
     </span>
     <span class='ocr_line' id='line_1_27' title="bbox 337 3443 1509 3524; baseline 0.001 -21"><span class='ocrx_word' id='word_1_194' title='bbox 337 3443 480 3503; x_wconf 90' lang='lat' dir='ltr'>tentiam</span> <span class='ocrx_word' id='word_1_195' title='bbox 507 3463 575 3504; x_wconf 91' lang='lat' dir='ltr'>non</span> <span class='ocrx_word' id='word_1_196' title='bbox 600 3443 738 3505; x_wconf 90' lang='lat' dir='ltr'>accedo.</span> <span class='ocrx_word' id='word_1_197' title='bbox 781 3443 879 3516; x_wconf 87' lang='lat' dir='ltr'>Nam,</span> <span class='ocrx_word' id='word_1_198' title='bbox 905 3452 941 3504; x_wconf 86' lang='lat' dir='ltr'>ut</span> <span class='ocrx_word' id='word_1_199' title='bbox 965 3443 1132 3524; x_wconf 83' lang='lat' dir='ltr'>exemplis</span> <span class='ocrx_word' id='word_1_200' title='bbox 1158 3454 1240 3518; x_wconf 87' lang='lat' dir='ltr'>utar,</span> <span class='ocrx_word' id='word_1_201' title='bbox 1265 3444 1453 3506; x_wconf 89' lang='lat' dir='ltr'>locutiones</span> <span class='ocrx_word' id='word_1_202' title='bbox 1476 3446 1509 3505; x_wconf 92' lang='lat' dir='ltr'>in</span> 
     </span>
     <span class='ocr_line' id='line_1_28' title="bbox 340 3550 1509 3632; baseline 0.003 -23"><span class='ocrx_word' id='word_1_203' title='bbox 340 3551 462 3629; x_wconf 90' lang='lat' dir='ltr'>quibus</span> <span class='ocrx_word' id='word_1_204' title='bbox 495 3559 612 3610; x_wconf 88' lang='lat' dir='ltr'>taurus</span> <span class='ocrx_word' id='word_1_205' title='bbox 637 3569 701 3629; x_wconf 91' lang='lat' dir='ltr'>pro</span> <span class='ocrx_word' id='word_1_206' title='bbox 730 3550 819 3630; x_wconf 91' lang='lat' dir='ltr'>pelle</span> <span class='ocrx_word' id='word_1_207' title='bbox 843 3551 932 3624; x_wconf 67' lang='lat' dir='ltr'>eius</span> <span class='ocrx_word' id='word_1_208' title='bbox 966 3568 1087 3611; x_wconf 80' lang='lat' dir='ltr'>murex</span> <span class='ocrx_word' id='word_1_209' title='bbox 1115 3569 1176 3629; x_wconf 91' lang='lat' dir='ltr'>pro</span> <span class='ocrx_word' id='word_1_210' title='bbox 1205 3570 1356 3632; x_wconf 89' lang='lat' dir='ltr'>purpura</span> <span class='ocrx_word' id='word_1_211' title='bbox 1384 3561 1420 3612; x_wconf 89' lang='lat' dir='ltr'>et</span> <span class='ocrx_word' id='word_1_212' title='bbox 1447 3571 1509 3631; x_wconf 93' lang='lat' dir='ltr'>pro</span> 
     </span>
     <span class='ocr_line' id='line_1_29' title="bbox 337 3658 1510 3737; baseline 0 -19"><span class='ocrx_word' id='word_1_213' title='bbox 337 3665 435 3718; x_wconf 80' lang='lat' dir='ltr'>veste</span> <span class='ocrx_word' id='word_1_214' title='bbox 468 3675 618 3737; x_wconf 88' lang='lat' dir='ltr'>purpura</span> <span class='ocrx_word' id='word_1_215' title='bbox 651 3658 758 3718; x_wconf 86' lang='lat' dir='ltr'>tincta</span> <span class='ocrx_word' id='word_1_216' title='bbox 791 3659 998 3729; x_wconf 88' lang='lat' dir='ltr'>nominatur,</span> <span class='ocrx_word' id='word_1_217' title='bbox 1032 3659 1262 3736; x_wconf 90' lang='lat' dir='ltr'>metonymice</span> <span class='ocrx_word' id='word_1_218' title='bbox 1294 3677 1370 3719; x_wconf 89' lang='lat' dir='ltr'>esse</span> <span class='ocrx_word' id='word_1_219' title='bbox 1402 3660 1510 3720; x_wconf 88' lang='lat' dir='ltr'>dictas</span> 
     </span>
     <span class='ocr_line' id='line_1_30' title="bbox 338 3762 1510 3843; baseline 0.003 -20"><span class='ocrx_word' id='word_1_220' title='bbox 338 3762 382 3823; x_wconf 88' lang='lat' dir='ltr'>illi</span> <span class='ocrx_word' id='word_1_221' title='bbox 405 3773 540 3843; x_wconf 89' lang='lat' dir='ltr'>putant,</span> <span class='ocrx_word' id='word_1_222' title='bbox 568 3783 645 3824; x_wconf 93' lang='lat' dir='ltr'>cum</span> <span class='ocrx_word' id='word_1_223' title='bbox 670 3764 923 3843; x_wconf 91' lang='lat' dir='ltr'>synecdocham</span> <span class='ocrx_word' id='word_1_224' title='bbox 951 3772 1087 3824; x_wconf 84' lang='lat' dir='ltr'>exstare</span> <span class='ocrx_word' id='word_1_225' title='bbox 1112 3765 1211 3824; x_wconf 92' lang='lat' dir='ltr'>nobis</span> <span class='ocrx_word' id='word_1_226' title='bbox 1234 3783 1433 3843; x_wconf 87' lang='lat' dir='ltr'>persuasum</span> <span class='ocrx_word' id='word_1_227' title='bbox 1459 3767 1510 3828; x_wconf 81' lang='lat' dir='ltr'>sit</span> 
     </span>
     <span class='ocr_line' id='line_1_31' title="bbox 339 3857 1509 3951; baseline 0.003 -21"><span class='ocrx_word' id='word_1_228' title='bbox 339 3871 457 3951; x_wconf 92' lang='lat' dir='ltr'>Atque</span> <span class='ocrx_word' id='word_1_229' title='bbox 473 3869 711 3949; x_wconf 87' lang='lat' dir='ltr'>Lindskogius,</span> <span class='ocrx_word' id='word_1_230' title='bbox 736 3889 837 3950; x_wconf 89' lang='lat' dir='ltr'>quem</span> <span class='ocrx_word' id='word_1_231' title='bbox 854 3879 992 3931; x_wconf 86' lang='lat' dir='ltr'>secutus</span> <span class='ocrx_word' id='word_1_232' title='bbox 1010 3882 1061 3947; x_wconf 85' lang='lat' dir='ltr'>est</span> <span class='ocrx_word' id='word_1_233' title='bbox 1079 3869 1279 3943; x_wconf 86' lang='lat' dir='ltr'>Stietzelius,</span> <span class='ocrx_word' id='word_1_234' title='bbox 1304 3857 1509 3934; x_wconf 75' lang='lat' dir='ltr'>sententiam</span> 
     </span>
     <span class='ocr_line' id='line_1_32' title="bbox 338 3975 1510 4058; baseline 0.002 -21"><span class='ocrx_word' id='word_1_235' title='bbox 338 3996 432 4037; x_wconf 90' lang='lat' dir='ltr'>suam</span> <span class='ocrx_word' id='word_1_236' title='bbox 456 3975 658 4038; x_wconf 90' lang='lat' dir='ltr'>confirmare</span> <span class='ocrx_word' id='word_1_237' title='bbox 680 3977 796 4037; x_wconf 88' lang='lat' dir='ltr'>studet</span> <span class='ocrx_word' id='word_1_238' title='bbox 813 3997 854 4038; x_wconf 92' lang='lat' dir='ltr'>eo</span> <span class='ocrx_word' id='word_1_239' title='bbox 873 3978 965 4057; x_wconf 91' lang='lat' dir='ltr'>quod</span> <span class='ocrx_word' id='word_1_240' title='bbox 986 3986 1123 4056; x_wconf 91' lang='lat' dir='ltr'>poetam</span> <span class='ocrx_word' id='word_1_241' title='bbox 1144 3977 1321 4039; x_wconf 90' lang='lat' dir='ltr'>discedere</span> <span class='ocrx_word' id='word_1_242' title='bbox 1339 3999 1359 4038; x_wconf 89' lang='lat' dir='ltr'>a</span> <span class='ocrx_word' id='word_1_243' title='bbox 1375 3998 1412 4039; x_wconf 87' lang='lat' dir='ltr'>re</span> <span class='ocrx_word' id='word_1_244' title='bbox 1434 3998 1510 4058; x_wconf 90' lang='lat' dir='ltr'>pro-</span> 
     </span>
    </p>
   </div>
   <div class='ocr_carea' id='block_1_3' title="bbox 251 4083 1510 4165">
    <p class='ocr_par' dir='ltr' id='par_1_5' title="bbox 251 4083 1510 4165">
     <span class='ocr_line' id='line_1_33' title="bbox 251 4083 1510 4165; baseline 0.002 -21"><span class='ocrx_word' id='word_1_245' title='bbox 251 4111 252 4114; x_wconf 42' lang='lat'><em>*</em></span> <span class='ocrx_word' id='word_1_246' title='bbox 338 4085 450 4163; x_wconf 90' lang='lat' dir='ltr'>posita</span> <span class='ocrx_word' id='word_1_247' title='bbox 479 4083 561 4144; x_wconf 87' lang='lat' dir='ltr'>dicit</span> <span class='ocrx_word' id='word_1_248' title='bbox 593 4103 657 4144; x_wconf 90' lang='lat' dir='ltr'>nec</span> <span class='ocrx_word' id='word_1_249' title='bbox 691 4084 869 4144; x_wconf 87' lang='lat' dir='ltr'>materiam</span> <span class='ocrx_word' id='word_1_250' title='bbox 905 4085 1010 4164; x_wconf 89' lang='lat' dir='ltr'>ipsam</span> <span class='ocrx_word' id='word_1_251' title='bbox 1041 4085 1205 4144; x_wconf 89' lang='lat' dir='ltr'>nominari</span> <span class='ocrx_word' id='word_1_252' title='bbox 1235 4104 1296 4165; x_wconf 90' lang='lat' dir='ltr'>pro</span> <span class='ocrx_word' id='word_1_253' title='bbox 1328 4105 1365 4145; x_wconf 91' lang='lat' dir='ltr'>re</span> <span class='ocrx_word' id='word_1_254' title='bbox 1395 4105 1439 4146; x_wconf 84' lang='lat' dir='ltr'>ex</span> <span class='ocrx_word' id='word_1_255' title='bbox 1469 4105 1510 4146; x_wconf 90' lang='lat' dir='ltr'>ea</span> 
     </span>
    </p>
   </div>
   <div class='ocr_carea' id='block_1_4' title="bbox 338 4188 1511 4376">
    <p class='ocr_par' dir='ltr' id='par_1_6' title="bbox 338 4188 1511 4376">
     <span class='ocr_line' id='line_1_34' title="bbox 339 4188 1511 4272; baseline 0.002 -21"><span class='ocrx_word' id='word_1_256' title='bbox 339 4188 507 4264; x_wconf 83' lang='lat' dir='ltr'>conlecta,</span> <span class='ocrx_word' id='word_1_257' title='bbox 528 4189 589 4250; x_wconf 88' lang='lat' dir='ltr'>sed</span> <span class='ocrx_word' id='word_1_258' title='bbox 611 4191 787 4250; x_wconf 86' lang='lat' dir='ltr'>materiam</span> <span class='ocrx_word' id='word_1_259' title='bbox 812 4190 919 4270; x_wconf 90' lang='lat' dir='ltr'>qualis</span> <span class='ocrx_word' id='word_1_260' title='bbox 940 4203 1043 4251; x_wconf 87' lang='lat' dir='ltr'>antea</span> <span class='ocrx_word' id='word_1_261' title='bbox 1065 4189 1174 4253; x_wconf 86' lang='lat' dir='ltr'>fuerit.</span> <span class='ocrx_word' id='word_1_262' title='bbox 1213 4189 1282 4252; x_wconf 88' lang='lat' dir='ltr'>Sed</span> <span class='ocrx_word' id='word_1_263' title='bbox 1303 4193 1446 4272; x_wconf 93' lang='lat' dir='ltr'>primum</span> <span class='ocrx_word' id='word_1_264' title='bbox 1468 4191 1511 4253; x_wconf 91' lang='lat' dir='ltr'>illi</span> 
     </span>
     <span class='ocr_line' id='line_1_35' title="bbox 338 4296 1508 4376; baseline 0.003 -19"><span class='ocrx_word' id='word_1_265' title='bbox 338 4297 497 4358; x_wconf 89' lang='lat' dir='ltr'>videntur</span> <span class='ocrx_word' id='word_1_266' title='bbox 518 4296 677 4376; x_wconf 83' lang='lat' dir='ltr'>exempla</span> <span class='ocrx_word' id='word_1_267' title='bbox 699 4297 822 4357; x_wconf 89' lang='lat' dir='ltr'>diversi</span> <span class='ocrx_word' id='word_1_268' title='bbox 843 4299 982 4376; x_wconf 90' lang='lat' dir='ltr'>generis</span> <span class='ocrx_word' id='word_1_269' title='bbox 1003 4299 1227 4370; x_wconf 83' lang='lat' dir='ltr'>coniunxisse,</span> <span class='ocrx_word' id='word_1_270' title='bbox 1252 4318 1328 4360; x_wconf 91' lang='lat' dir='ltr'>cum</span> <span class='ocrx_word' id='word_1_271' title='bbox 1347 4301 1508 4360; x_wconf 91' lang='lat' dir='ltr'>muricem</span> 
     </span>
    </p>
   </div>
   <div class='ocr_carea' id='block_1_5' title="bbox 340 4453 1509 4610">
    <p class='ocr_par' dir='ltr' id='par_1_7' title="bbox 340 4422 1509 4610">
     <span class='ocr_line' id='line_1_36' title="bbox 428 4453 1509 4522; baseline 0.003 -18"><span class='ocrx_word' id='word_1_272' title='bbox 428 4453 528 4506; x_wconf 82' lang='lat' dir='ltr'>¹Eric.</span> <span class='ocrx_word' id='word_1_273' title='bbox 551 4453 707 4520; x_wconf 86' lang='lat' dir='ltr'>Lindskog,</span> <span class='ocrx_word' id='word_1_274' title='bbox 739 4455 771 4506; x_wconf 88' lang='lat' dir='ltr'>In</span> <span class='ocrx_word' id='word_1_275' title='bbox 803 4460 898 4522; x_wconf 84' lang='lat' dir='ltr'>tropos</span> <span class='ocrx_word' id='word_1_276' title='bbox 932 4456 1094 4522; x_wconf 86' lang='lat' dir='ltr'>scriptorum</span> <span class='ocrx_word' id='word_1_277' title='bbox 1124 4455 1286 4507; x_wconf 81' lang='lat' dir='ltr'>Latinorum</span> <span class='ocrx_word' id='word_1_278' title='bbox 1309 4456 1411 4518; x_wconf 88' lang='lat' dir='ltr'>studia,</span> <span class='ocrx_word' id='word_1_279' title='bbox 1444 4457 1509 4508; x_wconf 89' lang='lat' dir='ltr'>diss.</span> 
     </span>
     <span class='ocr_line' id='line_1_37' title="bbox 340 4542 527 4610; baseline 0 -16"><span class='ocrx_word' id='word_1_280' title='bbox 340 4543 433 4610; x_wconf 89' lang='lat' dir='ltr'>Upsal.</span> <span class='ocrx_word' id='word_1_281' title='bbox 451 4542 527 4594; x_wconf 83' lang='lat'><strong>1903.</strong></span> 
     </span>
    </p>
   </div>
   <div class='ocr_carea' id='block_1_6' title="bbox 0 0 1729 5328">
    <p class='ocr_par' dir='ltr' id='par_1_8' title="bbox 0 0 1729 5328">
     <span class='ocr_line' id='line_1_38' title="bbox 0 0 1729 5328; baseline 0 0"><span class='ocrx_word' id='word_1_282' title='bbox 0 0 1729 5328; x_wconf 95' lang='lat' dir='ltr'> </span> 
     </span>
    </p>
   </div>
  </div>
 </body>
</html>
