3440 5328
310 1457 411 1518 Primi
442 1467 521 1538 post
551 1457 720 1520 Christum
755 1466 870 1518 natum
905 1457 1031 1520 saeculi
1063 1465 1188 1538 poetae
1219 1459 1394 1537 ingenium

219 1565 438 1645 indolemque
467 1568 615 1626 nativam
646 1574 719 1626 arte
749 1573 784 1626 et
812 1564 955 1626 scientia
979 1563 1138 1645 supplere
1163 1564 1334 1639 solebant,
1362 1564 1395 1624 id

221 1681 274 1732 est
299 1673 430 1732 duabus
458 1673 660 1762 rationibuS,
689 1691 831 1752 quarum
858 1682 1002 1751 utraque
1029 1671 1072 1731 ad
1101 1690 1168 1744 reS,
1197 1673 1395 1744 sententias,

218 1778 410 1840 locutiones
441 1777 655 1858 deligendaS,
686 1779 958 1858 componendas
990 1779 1174 1854 ornandas,
1205 1775 1395 1856 fingendae,

216 1885 282 1946 sed
307 1885 413 1945 altera
439 1885 482 1946 ad
507 1905 621 1958 novas
645 1885 751 1945 altera
778 1885 821 1944 ad
844 1872 1214 1965 veteres'pertinebat,
1239 1885 1394 1945 nimirum

203 1991 397 2072 'disciplina
433 1992 607 2052 rhetorum
650 2000 684 2051 et
722 1993 842 2071 prioris
880 1993 1004 2052 aetatis
1043 1993 1156 2072 poesis
1197 1993 1396 2076 imitatione.

217 2097 355 2159 Etenim
375 2097 430 2158 illa
449 2097 625 2177 disciplina
644 2099 758 2178 poesis
779 2097 823 2158 ad
842 2106 951 2158 artem
975 2106 1011 2158 et
1026 2106 1214 2178 praecepta
1233 2105 1395 2158 revocata

219 2206 386 2286 novisque
404 2224 468 2265 nec
485 2204 683 2284 vulgaribus
702 2206 881 2264 sententiis
898 2214 933 2264 et
949 2203 1176 2266 locutionibus
1197 2211 1318 2265 ornata
1335 2212 1395 2282 est,

218 2313 368 2390 priorum
403 2330 483 2372 vero
505 2299 708 2390 ‘temporum
740 2312 860 2391 poesin
892 2331 967 2371 cum
1002 2319 1110 2371 totam
1142 2319 1212 2371 tum
1246 2312 1396 2390 Augusti

220 2420 345 2478 aetatis
367 2428 400 2478 ut
421 2418 464 2478 ab
486 2419 642 2478 omnibus
661 2418 815 2497 partibus
834 2402 1024 2496 perfectam
1050 2417 1093 2478 ad
1112 2417 1311 2478 imitandum
1332 2418 1396 2478 sibi

219 2525 479 2604 proponendam
501 2544 577 2584 esse
597 2543 717 2584 omnes
736 2525 906 2604 putabant
926 2543 966 2584 ac
987 2525 1172 2604 praecipue
1190 2525 1246 2604 qui
1263 2533 1394 2585 certum

220 2629 408 2691 litterarum
433 2650 544 2711 genus
568 2631 730 2692 colebant
755 2632 798 2691 ab
824 2650 865 2691 eo
891 2632 948 2710 qui
973 2630 1007 2690 id
1031 2629 1176 2710 perfecit
1196 2638 1231 2691 et
1251 2630 1397 2691 absolvit

221 2757 287 2798 non
314 2737 419 2798 solum
446 2719 589 2798 formam
616 2746 652 2797 et
676 2745 795 2811 artem,
819 2737 880 2797 sed
906 2739 1009 2797 etiam
1035 2739 1202 2798 sermonis
1222 2756 1332 2816 genus
1352 2736 1396 2797 ad

220 2864 316 2904 suum
347 2863 441 2904 usum
473 2843 729 2904 conferebantl.
775 2843 896 2923 ltaque
921 2845 948 2903 si
973 2844 1016 2904 de
1042 2843 1100 2904 tali
1126 2852 1230 2922 poeta
1254 2845 1394 2923 eiusque

219 2953 351 3011 ratione
373 2950 507 3011 dicendi
528 2951 682 3030 quaestio
703 2950 858 3023 habetur,
883 2937 1025 3010 necesse
1045 2959 1098 3010 est
1115 2950 1158 3010 ad
1174 2949 1229 3010 illa
1245 2951 1393 3010 animum

221 3057 416 3131 advertere,
446 3057 535 3117 unde
564 3058 665 3117 etiam
697 3056 753 3117 lex
777 3051 946 3136 quaedam
978 3057 1147 3118 iudicandi
1171 3057 1395 3130 constituitur,

221 3183 297 3224 cum
328 3163 487 3224 videlicet
515 3183 583 3224 non
610 3184 629 3224 a
652 3165 783 3246 recenti
813 3163 1061 3224 consuetudine
1088 3163 1262 3243 loquendi,
1290 3163 1394 3223 seda

220 3269 380 3331 Romana
404 3269 685 3351 proficiscendum
712 3272 754 3330 sit
777 3289 865 3349 quae
890 3271 1112 3349 cognoscitur
1129 3289 1148 3330 e
1166 3270 1395 3330 monumentis

221 3385 256 3436 et
281 3377 409 3439 litteris
942 3451 949 3467 ⁸

311 3483 408 3545 Haec
421 3485 592 3547 sententia
606 3492 643 3544 ut
655 3485 699 3544 ad
712 3493 848 3545 ceteros
861 3485 909 3544 ita
922 3484 966 3543 ad
979 3480 1135 3556 Statium,
1152 3483 1194 3542 de
1208 3502 1274 3562 quo
1289 3490 1394 3563 poeta

221 3600 345 3670 agetur
361 3593 393 3651 in
411 3591 475 3651 hac
493 3591 740 3664 dissertatione,
753 3590 902 3651 refertur
920 3598 956 3650 et
972 3588 1133 3650 nonnulla
1148 3590 1213 3649 iam
1232 3609 1274 3650 eo
1292 3589 1393 3650 modo

219 3705 368 3779 tractata
396 3704 488 3758 sunt:
520 3695 755 3758 Lohrischius'
784 3697 1003 3776 disceptavit,
1037 3704 1200 3776 quantum
1229 3697 1262 3770 in
1291 3697 1394 3756 rebus

220 3803 467 3883 describendis,
501 3805 706 3864 carminibus
735 3802 983 3864 constituendis
1009 3801 1240 3882 similibusque
1265 3799 1393 3864 Statius

219 3909 377 3970 silvarum
398 3920 502 3990 poeta
521 3911 678 3971 rhetores
699 3919 836 3973 secutus
858 3911 915 3987 sit3
941 3907 1257 3990 Schambergerus³
1281 3911 1394 3970 omnia

310 4087 319 4116 ¹
339 4085 512 4149 ctwonnin,
530 4086 584 4137 Die
602 4085 805 4152 Nachahmung
822 4086 849 4136 in
867 4085 918 4137 der
935 4085 1117 4136 lateinischen
1135 4084 1246 4146 Poesie,
1264 4084 1290 4134 in
1308 4083 1393 4136 Arch.
1463 4089 1465 4094 ’

220 4173 295 4225 tlat.
310 4173 376 4227 Lex.
409 4174 778 4242 X11(1902)pag.114sqq.
825 4179 826 4183 ’
1100 4225 1106 4239 ,

310 4262 320 4293 ¹
339 4263 432 4314 Herm.
447 4263 587 4325 Lohrisch,
601 4264 645 4316 De
659 4263 764 4331 Papinii
777 4263 856 4315 Statii
870 4263 999 4315 silvarum
1013 4268 1116 4330 poetae
1129 4263 1227 4315 studiis
1240 4262 1392 4323 rhetoricis,

221 4351 287 4404 diss.
301 4351 361 4403 Hal.
377 4352 453 4404 1905.

310 4441 321 4472 ⁸
339 4442 414 4492 Max.
434 4441 646 4508 Schamberger,
666 4442 710 4493 De
723 4442 754 4492 P.
770 4441 884 4508 Papinio
897 4440 986 4492 Statio
1002 4442 1149 4493 verborum
1163 4446 1306 4503 novatore,
1325 4440 1391 4492 diss.

221 4530 280 4580 Hal.
296 4530 363 4581 1907
377 4531 403 4581 in
418 4531 483 4582 diss.
497 4531 590 4598 philol.
603 4531 663 4582 Hal.
680 4530 733 4582 vol.
749 4524 829 4582 XVll
842 4530 932 4599 (1907.

708 4531 976 4779 324er
1101 4707 1103 4710 .
