3440 5328
800 578 1020 640 -75-.

324 752 490 813 nonnullis
518 755 784 833 proprietatibus
814 753 959 816 Statium
989 774 1065 816 cum
1096 755 1234 816 consilio
1268 757 1311 816 ad
1341 756 1413 816 illos
1449 773 1504 814 re·

323 838 478 939 spexisse
500 859 673 932 conclusit,
698 880 765 940 qua
783 861 825 920 de
842 863 1014 922 sententia
1032 864 1134 923 etiam
1154 863 1320 925 dubitatio
1340 861 1503 930 exstitit¹‚

201 997 203 1004 v
277 1037 280 1042 ¹
324 987 368 1026 ex
385 966 448 1026 hac
466 969 722 1046 comparatione
738 969 917 1047 quicquam
939 967 1085 1028 efficitur
1102 969 1145 1029 ad
1159 970 1247 1030 hanc
1261 972 1500 1049 quaestionem

323 1073 581 1146 diiudicandam,
607 1076 766 1154 quoniam
792 1075 929 1135 easdem
957 1074 1145 1136 locutiones
1171 1078 1271 1136 etiam
1300 1077 1390 1156 apud
1411 1075 1503 1137 Ver-

322 1178 438 1258 gilium
457 1182 598 1260 eiusque
617 1181 778 1261 aequales
792 1191 929 1242 exstare
943 1182 1090 1262 ideoque
1104 1184 1147 1243 ab
1161 1183 1212 1242 his
1225 1185 1331 1263 recipi
1345 1185 1502 1263 potuisse

221 1315 222 1318 ¹
323 1306 341 1344 e
369 1285 449 1346 locis
475 1287 605 1348 collatis
631 1291 864 1367 cognoscitur,
898 1291 1097 1368 praesertim
1129 1309 1204 1351 cum
1234 1292 1370 1351 omnino
1398 1290 1502 1370 pluri-

323 1412 398 1452 mae
425 1396 637 1473 temporibus
657 1395 807 1474 Augusti
833 1396 864 1455 in
892 1415 951 1455 usu
976 1398 1103 1456 versari
1128 1398 1284 1476 coepisse
1309 1397 1502 1457 videantur.

323 1500 459 1559 Aetatis
484 1503 660 1579 proximae
685 1511 810 1581 poetae
836 1504 1020 1582 praecipue
1031 1503 1218 1582 Vergilium
1242 1502 1393 1583 aliosque
1411 1489 1500 1563 eius-

323 1605 398 1665 dem
431 1609 553 1667 aetatis
582 1617 703 1686 poetas
727 1610 836 1668 secuti
860 1618 940 1668 suut
964 1609 1110 1689 ideoque
1137 1629 1329 1670 sermonem
1357 1631 1424 1671 non
1451 1611 1500 1670 ita

322 1724 505 1785 auxerunt;
536 1716 651 1794 itaque
681 1735 790 1794 pauca
817 1715 977 1794 exempla
1003 1717 1045 1775 ad
1070 1736 1130 1776 eos
1155 1717 1357 1779 referuntur.
1404 1717 1501 1777 luter

321 1818 421 1880 silvas
439 1832 474 1880 et
492 1823 590 1901 epica
604 1823 763 1895 carmina,
781 1831 818 1882 ut
830 1824 894 1882 iam
912 1821 1032 1884 leviter
1045 1821 1318 1902 significavimus
1335 1823 1499 1884 nonnihil

321 1927 473 2000 interest,
498 1947 574 1988 nam
601 1929 688 1989 haec
713 1931 823 2007 magis
842 1948 941 2008 quam
965 1928 1039 1989 illae
1061 1930 1104 1989 ad
1123 1932 1272 2009 priorum
1293 1933 1496 2010 scriptorum

324 2052 416 2094 usum
448 2033 609 2114 loquendi
633 2043 793 2115 spectare
819 2035 984 2098 videntur.
1027 2034 1173 2116 Semper
1195 2035 1268 2096 fere
1294 2037 1368 2118 plus
1394 2057 1496 2116 quam

306 2140 448 2219 -duplex
478 2161 637 2203 numerus
662 2143 897 2222 exemplorum
928 2144 960 2202 in
987 2145 1091 2222 e'picis
1116 2143 1256 2223 legitur:
1287 2145 1329 2203 ad
1359 2163 1495 2222 prosam

320 2245 517 2307 referuntur
533 2269 552 2308 e
569 2249 659 2309 silvis
679 2251 728 2323 15,
746 2270 789 2310 ex
807 2250 911 2330 epicis
929 2253 969 2310 37
989 2249 1047 2329 (ex
1064 2262 1210 2330 utroque
1227 2270 1358 2330 genere
1370 2254 1435 2330 lt),
1453 2250 1496 2310 ad

320 2355 449 2432 priscos
467 2363 589 2434 poetas
604 2358 669 2430 32,
682 2359 829 2434 11111,
850 2357 893 2416 ad
909 2357 1060 2436 Augusti
1081 2365 1229 2417 aetatem
1249 2360 1290 2418 43
1302 2362 1337 2432 -l-
1348 2360 1389 2426 94
1400 2359 1497 2432 -1-80,
1596 2335 1599 2341 ⁴

322 2462 501 2522 universim
529 2471 752 2524 numerantur
776 2465 1068 2536 6191431-159.
1108 2463 1182 2524 Nec
1207 2463 1352 2524 alienum
1379 2473 1432 2522 est
1452 2464 1495 2522 ab

252 2599 254 2604 ·
320 2566 373 2626 illa
390 2571 571 2635 sententia,
589 2569 680 2649 quod
697 2572 869 2630 contraria
883 2572 1017 2631 ratione
1036 2571 1078 2630 ad
1097 2572 1322 2651 posteriorem
1344 2577 1492 2630 aetatem

320 2676 494 2754 pertinent
518 2696 536 2736 e
561 2675 651 2736 silvis
680 2679 727 2750 15,
752 2697 797 2737 ex
823 2678 928 2757 epicis
954 2680 981 2748 7,
1006 2697 1050 2737 ex
1076 2685 1221 2756 utroque
1246 2697 1376 2756 genere
1399 2679 1425 2736 7.

410 2779 506 2860 Quae
536 2793 669 2844 restant
703 2783 861 2863 exempla
891 2803 932 2843 ea
961 2793 1019 2844 aut
1048 2804 1068 2844 a
1094 2781 1203 2844 Statio
1234 2785 1306 2863 ipso
1337 2795 1395 2844 aut
1423 2785 1495 2844 eius

320 2896 435 2948 aetate
459 2866 602 2950 'novata
640 2901 674 2950 et
709 2892 740 2950 in
774 2910 969 2951 sermonem
1010 2903 1188 2970 poetarum
1229 2891 1368 2951 inducta
1407 2898 1495 2956 sunt,

301 2977 552 3058 'Numerantur
588 2999 647 3058 101
683 2999 701 3057 i.
729 3018 757 3058 e.
791 2995 880 3080 20⁰s0
915 3006 1019 3076 atque
1053 2999 1086 3057 in
1119 2999 1220 3057 tertia
1253 2998 1494 3078 synecdochae

319 3105 435 3181 specie
462 3105 502 3164 53
532 3102 696 3182 (secunda
726 3124 805 3183 pars
834 3105 989 3164 continet
1015 3106 1069 3176 38,
1104 3105 1212 3183 prima
1239 3107 1293 3178 11,
1327 3107 1427 3164 tertia
1450 3104 1494 3187 4).

319 3210 429 3288 prima
454 3211 504 3283 29,
529 3218 650 3290 quarta
669 3213 719 3281 10,
743 3212 895 3271 secunda
921 3215 949 3274 9.
988 3209 1104 3270 Tertia
1128 3213 1239 3290 igitur,
1265 3231 1364 3291 quam
1392 3231 1494 3291 supra

318 3316 504 3376 secundum
532 3316 640 3377 locum
669 3319 825 3379 obtinere
846 3319 1080 3397 cognovimus
1104 3319 1158 3379 hic
1176 3337 1295 3378 omnes
1306 3319 1493 3388 antecedit,

296 3421 429 3501 'prima
457 3443 555 3495 vero,
590 3444 678 3504 quae
708 3427 845 3485 omnino
875 3424 1019 3504 plurima
1049 3425 1208 3504 exempla
1241 3427 1407 3516 continet,
1440 3425 1493 3485 hic

319 3528 406 3589 illam
442 3531 608 3609 sequitur,
644 3531 732 3591 uude
767 3529 912 3591 efficitur
942 3529 1031 3592 Stati
1065 3540 1178 3592 aetate
1214 3533 1347 3592 tertiam
1385 3533 1493 3611 magis

319 3636 512 3697 adamatam
532 3645 567 3696 et
585 3636 753 3698 excultam
774 3637 879 3701 essel.
913 3635 1010 3716 Quae
1027 3640 1208 3712 sententia,
1225 3640 1251 3698 si
1268 3639 1494 3718 respiciuntur

320 3745 433 3804 omnia
457 3745 621 3824 cuiusque
646 3747 774 3824 speciei
799 3745 970 3824 exempla,
995 3743 1228 3816 confirmatur,
1257 3747 1318 3804 nisi
1344 3737 1435 3825 quod
1460 3746 1491 3804 in

318 3852 470 3910 secunda.
495 3867 547 3910 est
572 3850 636 3911 alia
660 3853 756 3925 ratio,
780 3871 860 3912 nam
884 3853 917 3912 in
940 3852 1004 3912 hac
1022 3861 1191 3913 novantur
1207 3871 1268 3932 pro
1286 3861 1423 3912 centum
1443 3854 1493 3925 37,

318 3958 351 4017 in
381 3959 482 4018 tertia
512 3960 566 4031 99,
597 3967 717 4038 quarta
744 3961 798 4030 15,
827 3960 936 4037 prima
963 3960 1017 4026 l3;
1047 3959 1079 4018 in
1109 3959 1231 4019 tertiae
1260 3966 1358 4037 parte
1384 3959 1493 4038 prima

319 4074 489 4125 novantur
514 4067 563 4137 25,
588 4065 739 4126 secunda
765 4067 815 4137 36,
841 4067 941 4126 tertia
968 4067 1017 4134 13,
1043 4065 1132 4124 unde
1157 4064 1342 4125 secundam
1368 4066 1400 4124 in
1426 4085 1492 4144 qua

319 4169 547 4250 materia'pro
571 4192 608 4232 re
635 4191 679 4232 ex
703 4191 745 4232 ea
769 4171 930 4233 confecta
948 4173 1084 4250 ponitur
1102 4191 1168 4231 non
1187 4171 1292 4232 solum
1312 4179 1415 4231 antea
1431 4171 1493 4231 sed

410 4329 416 4359 ¹
437 4330 492 4379 vid.
507 4329 646 4380 Tolkiehn
665 4330 691 4380 in
712 4329 835 4380 Bursian.
851 4345 911 4378 ann.
927 4329 981 4382 vol.
998 4327 1047 4378 158
1062 4328 1162 4394 (1919),
1183 4345 1245 4396 pag.
1261 4329 1302 4380 59.

408 4419 515 4470 ²Haec
540 4419 688 4488 sententia·
702 4419 829 4484 congruit
852 4434 914 4468 curn
940 4419 981 4468 eis
1001 4433 1072 4484 quae
1092 4419 1223 4484 exposuit
1242 4419 1414 4478 Volkmann,
1439 4417 1492 4468 Die

317 4507 452 4558 Rhetorik
474 4509 523 4559 der
543 4507 682 4560 Griechen
702 4508 757 4557 und
777 4507 890 4569 Ro'mer,
909 4524 972 4574 pag.
986 4507 1047 4558 422.
