3440 5328
793 606 1012 664 -78-

313 781 386 859 pria
411 781 549 841 notione
576 797 737 860 usurpato
759 782 953 843 subiciatur.
992 779 1062 842 Sed
1084 783 1115 841 in
1136 783 1252 860 paucis
1269 783 1369 842 etiam
1389 801 1489 842 voca-

287 897 289 902 ’
315 886 427 974 bulum
454 889 561 966 ipsum
590 896 751 947 novatum
778 885 1000 966 effictumque
1023 896 1075 948 est
1097 895 1201 967 atque
1225 907 1267 948 ea
1282 889 1414 949 ratione
1432 889 1489 948 ad-

229 1055 231 1060 ,
314 994 458 1067 hibetur,
483 1002 520 1053 ut
538 993 759 1073 synecdoche
778 1002 961 1066 statuatur;
987 995 1034 1054 ita
1053 995 1175 1055 dicitur
1193 995 1224 1054 in
1246 996 1354 1074 prima
1374 997 1489 1074 specie

313 1098 459 1160 Inachus
476 1119 537 1180 pro
557 1081 719 1172 Graecus
740 1099 949 1180 Tegeaticus
966 1121 1028 1180 pro
1045 1101 1223 1171 Arcadius,
1246 1101 1409 1179 Tegeatis
1427 1122 1488 1182 pro

314 1206 478 1280 Arcadia,
493 1193 708 1286 'Mycalesius
734 1216 770 1268 et
792 1206 992 1268 Teumesius
1017 1227 1080 1287 pro
1106 1207 1283 1281 Boeotius
1308 1209 1341 1268 in
1368 1216 1489 1288 quarta

314 1332 462 1393 gymnas
487 1333 548 1393 pro
574 1325 760 1375 certamen.

405 1418 501 1499 Quae
526 1440 602 1482 cum
627 1422 675 1482 ita
699 1423 774 1497 sint,
799 1423 826 1481 si
851 1423 964 1482 omnia
987 1441 1052 1481 una
1073 1421 1380 1508 comprehensione
1398 1441 1489 1483 com-

315 1527 418 1607 plecti
432 1526 523 1601 libet,
536 1524 665 1589 Statius
679 1529 710 1589 in
725 1528 966 1614 synecdochae
985 1548 1043 1588 usu
1062 1548 1130 1588 non
1147 1528 1253 1589 solum
1273 1547 1486 1589 communem

316 1636 463 1694 omnium
504 1636 706 1714 scriptorum
742 1643 777 1694 et
809 1627 957 1714 pridrum
993 1643 1173 1714 poetarum
1207 1636 1487 1696 consuetudinem

315 1750 453 1801 secutus
478 1749 543 1814 est,
572 1741 633 1800 sed
659 1743 774 1813 etiam,
800 1761 874 1802 cum
902 1760 968 1801 non
995 1761 1104 1821 pauca
1130 1743 1280 1816 novavit,
1305 1743 1490 1802 antecessit

316 1856 352 1906 et
368 1849 555 1927 superavit3
581 1848 668 1908 haec
692 1849 877 1927 praecipue
902 1850 988 1908 ratio
1013 1850 1046 1908 in
1068 1848 1166 1919 silvis
1192 1848 1244 1908 illa
1261 1851 1293 1908 in
1311 1848 1488 1908 Thebaide

316 1954 468 2014 adhibita
492 1962 553 2014 est.

404 2059 633 2139 Perspicuitas
659 2069 782 2139 autem,
808 2081 896 2141 quae
919 2062 1040 2122 dicitur
1056 2048 1354 2142 tamquamcaput
1370 2081 1489 2142 synec-

317 2167 448 2228 dochae
479 2187 568 2240 esse,
602 2187 738 2247 semper
767 2169 944 2240 invenitur,
978 2170 1004 2228 si
1022 2169 1183 2229 'iudicare
1212 2169 1303 2242 licet,
1335 2163 1490 2248 exceptis

316 2275 433 2353 paucis
468 2274 633 2354 exemplis
668 2293 755 2353 quae
790 2276 891 2335 nimia
925 2275 1067 2336 audacia
1100 2286 1135 2334 et
1168 2275 1304 2335 libidine
1333 2275 1490 2335 videntur

317 2379 433 2441 efficta
457 2401 542 2442 esse.
580 2381 700 2461 Atque
725 2383 758 2440 in
784 2390 906 2461 quarta
922 2384 1037 2462 specie
1055 2384 1248 2442 nominatur
1266 2401 1411 2462 quercus
1428 2401 1489 2460 pro

316 2489 441 2548 robore
468 2488 557 2566 quod
584 2490 814 2567 metonymice
839 2491 928 2548 vires
953 2487 1137 2568 significat3
1164 2507 1231 2568 qua
1256 2489 1298 2547 de
1320 2487 1489 2548 locutione

318 2594 476 2654 disseruit
486 2594 639 2655 Vollmer
655 2596 687 2655 in
706 2594 790 2656 Mus,
806 2594 917 2656 Rhen.
933 2595 996 2657 vol.
1007 2594 1050 2656 Li
1066 2615 1145 2675 pag.
1158 2599 1208 2656 31.
1237 2593 1341 2657 Simili
1358 2596 1490 2655 ratione

317 2703 445 2762 arbiter
468 2703 605 2781 ponitur
629 2721 691 2782 pro
717 2703 941 2780 gubernator:
970 2702 1011 2764 cf.
1028 2701 1122 2765 Lact.
1138 2701 1227 2764 Plac.
1245 2703 1287 2762 ad
1308 2702 1339 2764 l.:
1364 2703 1491 2761 arbiter

318 2807 394 2868 alno
420 2811 553 2888 species
577 2829 639 2888 pro
661 2829 801 2888 genere.
835 2809 975 2889 quilibet
992 2811 1120 2870 arbiter
1137 2819 1190 2869 est
1207 2811 1372 2889 magister
1388 2809 1422 2869 id
1439 2819 1490 2868 est

318 2918 539 2995 gubernator.
564 2914 687 2995 Neque
700 2923 816 2975 tamen
828 2917 898 2977 scio
911 2936 952 2976 an
964 2919 1077 2996 potius
1088 2937 1132 2977 ex
1143 2917 1201 2976 tali
1211 2918 1342 2977 ratione
1357 2915 1491 2976 dicendi

318 3022 588 3083 concludendum
615 3023 659 3082 sit
679 3021 857 3083 Romanos
880 3022 977 3084 aliter
993 3025 1139 3084 sensisse
1157 3043 1197 3084 ac
1215 3024 1311 3083 huius
1327 3006 1498 3102 temporis

319 3130 533 3208 nationisque
563 3129 718 3189 homines
748 3144 860 3210 neque
890 3138 957 3190 tam
989 3132 1157 3210 propriam
1190 3131 1363 3191 notionem
1389 3149 1489 3209 quam

319 3254 408 3315 quae
438 3255 575 3316 quoque
604 3234 679 3296 loco
709 3245 804 3296 recta
833 3246 907 3297 erat
935 3236 1151 3300 intellexisse.
1199 3233 1296 3313 Quae
1321 3237 1492 3295 sententia

319 3340 512 3403 confirmari
531 3342 666 3403 videtur
686 3362 736 3415 e0‚
756 3343 847 3423 quod
866 3345 1057 3423 pinusque
1076 3362 1159 3403 voce
1175 3345 1320 3423 saepius
1336 3350 1372 3402 ut
1389 3343 1490 3402 etiam

319 3449 409 3526 apud
436 3447 639 3527 Vergilium,
678 3451 773 3510 navis
808 3450 1019 3529 designatur,
1059 3470 1124 3510 uno
1160 3449 1235 3510 loco
1274 3448 1392 3530 (ThV
1413 3448 1491 3533 537)

318 3574 380 3633 pro
406 3557 501 3615 navis
519 3557 636 3635 posita
661 3575 735 3616 cum
753 3564 877 3617 monte
899 3565 935 3616 et
952 3556 1059 3617 insula
1076 3565 1308 3636 comparatur:
1332 3554 1492 3617 Barthius

320 3664 407 3721 enim
435 3659 579 3723 Statium
611 3671 753 3742 propter
782 3665 1070 3748 comparationem
1097 3665 1233 3724 incaute
1259 3683 1379 3744 navem
1407 3683 1491 3724 voce

320 3770 418 3849 pinus
435 3767 647 3848 significasse
665 3770 816 3843 adnotat,
840 3757 901 3831 sed
922 3769 977 3830 illa
996 3771 1142 3850 probata
1160 3770 1267 3830 oratio
1285 3789 1361 3836 non
1373 3771 1421 3829 ita
1431 3765 1493 3830 'est

320 3895 452 3955 aspera.
499 3876 627 3937 Eadem
654 3884 707 3937 est
732 3878 832 3955 ratio,
862 3878 918 3938 ubi
947 3887 1037 3937 astra
1067 3877 1227 3956 leguntur
1255 3895 1317 3954 pro
1347 3875 1492 3951 caelum3

321 3983 405 4043 haec
435 3991 548 4044 autem
580 3985 673 4044 notio
705 3984 839 4044 videtur
869 3985 970 4044 etiam
1003 3991 1140 4044 exstare
1169 3983 1229 4045 Th.
1253 3982 1299 4043 HI
1324 3985 1401 4056 522,
1436 3983 1493 4043 ubi

320 4088 481 4150 Miillerus
498 4091 645 4151 coniecit
662 4099 822 4163 monstra,
843 4111 919 4151 narn
939 4090 1079 4163 caelum,
1097 4110 1159 4170 pro
1177 4109 1244 4169 quo
1262 4091 1394 4150 duobus
1411 4088 1493 4149 locis

320 4195 417 4276 polus
431 4207 465 4256 et
480 4206 572 4257 astra
585 4198 809 4266 nominantur,
823 4199 865 4257 ab
880 4198 1066 4277 auguribus
1079 4197 1287 4258 considerari
1299 4204 1403 4276 atque
1417 4215 1493 4275 pro-

321 4304 454 4382 digiosa
475 4323 551 4364 esse
574 4325 616 4363 ex
634 4305 759 4364 ceteris
775 4306 930 4364 versibus
948 4305 1005 4384 qui
1021 4303 1063 4364 ad
1081 4303 1225 4364 eandem
1243 4323 1314 4363 rem
1334 4310 1493 4382 spectant

322 4409 476 4471 efficitur.
505 4407 665 4472 Similiter
682 4411 829 4490 denique
846 4411 1061 4471 iudicandum
1081 4419 1133 4470 est
1149 4410 1192 4470 de
1210 4409 1375 4470 vocabulo
1395 4411 1492 4482 orbis¹

322 4518 412 4597 quod
439 4536 597 4578 coronam
625 4519 642 4580 i.
660 4537 688 4578 e.
712 4519 973 4578 circumstantes
997 4515 1176 4596 significat.

800 4695 1014 4703 ——--
