3388 5324
710 629 930 686 -77-

235 806 382 865 maxime
407 801 496 864 Stati
521 812 636 864 aetate
661 803 830 865 excultam
858 824 933 864 esse
959 803 1179 866 concluditur.
1198 804 1293 865 —In
1317 804 1406 865 silvis
1501 866 1502 870 ,

235 911 394 990 leguntur
418 913 469 983 45,
493 913 525 971 in
544 910 721 971 Thebaide
744 914 832 989 (nam
851 912 883 970 in
902 910 1092 972 Achilleide
1111 911 1348 972 tantummodo
1366 931 1406 971 ea

235 1021 373 1078 exstant
397 1017 556 1098 exempla
581 1037 669 1098 quae
697 1018 762 1078 iam
793 1019 826 1077 in
851 1017 1033 1102 Thebaide
1057 1026 1218 1097 usurpata
1242 1018 1330 1094 sunt)
1355 1019 1406 1088 46,

234 1124 293 1183 sed
314 1125 353 1184 10
378 1125 411 1184 in
437 1133 582 1204 utroque
607 1125 794 1184 carminum
818 1143 948 1203 genere
974 1126 1198 1196 inveniuntur,
1224 1126 1404 1204 quorum3

234 1249 311 1290 cum
337 1232 368 1290 in
393 1230 443 1292 IV
460 1231 595 1291 demum
623 1241 658 1290 et
675 1230 708 1291 V
724 1230 880 1291 silvarum
903 1229 987 1292 libro
1009 1232 1223 1309 reperiantur
1239 1229 1405 1291 Thebaidi

233 1346 377 1417 possunt
394 1339 541 1398 attribui.
574 1337 611 1398 In
629 1336 719 1398 silvis
736 1338 840 1416 igitur
857 1346 1026 1398 novantur
1042 1339 1093 1409 45,
1110 1339 1142 1397 in
1161 1337 1338 1397 Thebaide
1355 1340 1406 1400 49.

235 1441 365 1523 Quibus
403 1446 552 1504 numeris
585 1445 792 1523 comparatis
830 1443 925 1522 plura
959 1444 1118 1523 exempla
1151 1463 1213 1524 pro
1248 1463 1403 1505 versuum

234 1569 375 1612 numero
401 1553 432 1610 in
459 1551 549 1612 silvis
574 1560 710 1611 exstare
738 1570 838 1630 quarn
864 1553 897 1610 in
919 1550 1096 1611 Thebaide
1121 1569 1189 1611 non
1215 1552 1406 1630 negaveris.

234 1656 331 1718 Haec
356 1665 468 1717 autem
496 1659 669 1718 sententia
689 1659 851 1718 convenit
875 1677 950 1718 cum
977 1677 1017 1717 ea
1036 1677 1135 1736 quam
1162 1677 1264 1737 supra
1288 1677 1406 1718 conse-

234 1765 301 1824 cuti
335 1784 463 1839 sumus,
499 1785 574 1825 nam
607 1764 784 1833 Thebaida
817 1763 922 1825 multo
958 1769 1066 1843 magis
1096 1783 1195 1844 quam
1231 1763 1332 1824 silvas
1363 1764 1405 1824 ad

233 1856 381 1951 priorem
406 1873 536 1952 poesin,
561 1873 745 1952 praecipue
766 1872 809 1931 ad
825 1871 976 1950 Augusti
997 1873 1119 1932 aetatis
1143 1880 1265 1950 poetas
1287 1870 1405 1932 referri

233 1978 390 2052 vidiinuS,
423 1997 487 2039 nec
517 1980 627 2039 aliena
655 1988 707 2038 est
735 1998 755 2038 a
779 1980 950 2038 communi
979 1977 1137 2038 silvarum
1167 1986 1289 2038 natura
1317 1997 1405 2057 quae
1502 1989 1508 2004 ¹

234 2087 380 2145 maxime
399 2085 442 2145 ad
458 2085 633 2145 rhetorum
651 2094 841 2166 praecepta
857 2092 1041 2158 revocatae
1055 2093 1142 2158 sunt,
1155 2104 1220 2145 nec
1234 2105 1253 2144 a
1266 2082 1405 2146 Scham-

234 2192 373 2272 bergeri
396 2193 579 2264 sententia,
604 2194 660 2272 qui
683 2191 851 2252 vocabula
876 2201 1001 2252 novata
1028 2190 1123 2269 plura
1145 2193 1177 2251 in
1196 2191 1286 2253 silvis
1304 2211 1404 2272 quarn

233 2300 265 2358 in
292 2300 397 2378 epicis
421 2301 533 2360 inesse
558 2300 732 2378 cognovit.
771 2297 934 2377 Singulae
960 2297 1063 2358 silvae
1089 2299 1243 2376 diversae
1268 2308 1347 2358 sunt
1371 2308 1406 2358 et

234 2407 350 2465 metris
384 2414 419 2464 et
452 2417 573 2466 natura
607 2425 647 2466 ac
682 2405 859 2484 qualitate,
893 2405 954 2465 sed
988 2424 1063 2466 cum
1099 2404 1151 2464 illa
1185 2403 1305 2465 nullam
1338 2407 1404 2466 vim

234 2510 355 2571 afferre
393 2512 573 2572 videantur
609 2513 652 2572 ad
689 2520 823 2592 tropum
863 2512 1109 2584 adhibendum,
1147 2513 1233 2572 haec
1272 2512 1406 2572 videtur

234 2619 349 2697 magni
375 2617 539 2679 momenti
564 2621 809 2708 esse3yetenim
840 2617 983 2699 plurima
1008 2618 1166 2699 exempla
1190 2621 1405 2698 reperiuntur

228 2726 264 2785 in
292 2727 340 2785 eis
363 2725 453 2786 silvis
479 2744 566 2805 quae
592 2727 636 2786 ad
653 2725 825 2786 rhetorum
845 2737 1033 2805 praecepta
1049 2727 1205 2806 proxime
1223 2726 1405 2786 accedunt:
1506 2715 1508 2720 ⁵

233 2833 322 2893 inter
351 2833 597 2912 descriptiones
622 2820 676 2893 vel
701 2832 869 2912 ἐκφράσεις
899 2841 1121 2893 numerantur
1149 2853 1173 2893 S.
1192 2832 1207 2893 I
1227 2835 1255 2906 1,
1277 2834 1305 2906 3,
1327 2835 1355 2899 ὃ,
1378 2835 1405 2907 6,

232 2938 263 2999 Π
283 2942 310 3012 2,
333 2938 382 3000 IV
400 2943 427 3012 2,
450 2942 477 3010 3,
499 2941 531 3011 6,
560 2941 649 2999 inter
672 2939 828 3018 e'picedia
850 2938 880 2998 ll
905 2940 931 3012 1,
953 2944 982 3011 4,
1004 2941 1032 3013 5,
1055 2942 1087 3013 6,
1110 2939 1155 3000 HI
1178 2943 1210 3011 3,
1235 2939 1313 3013 Vl,
1335 2926 1404 3012 3,5

233 3046 265 3105 in
299 3045 360 3106 illis
394 3057 563 3106 novantur
596 3047 1253 3123 2454341414542=5n
1287 3047 1318 3106 in
1353 3047 1405 3107 his

234 3154 824 3227 241÷1†1†2†a†2=11,
845 3154 962 3231 itaque
980 3152 1030 3212 his
1047 3153 1078 3211 in
1097 3149 1183 3213 XVI
1200 3154 1404 3216 carminibus

234 3261 370 3320 omnino
393 3258 554 3338 leguntur
574 3279 663 3319 nova
684 3259 843 3338 exempla
861 3262 910 3332 32,
935 3260 967 3318 in
990 3258 1128 3338 reliquis
1148 3257 1234 3319 XVI
1257 3266 1404 3320 tantum·

234 3366 334 3427 modo
362 3368 400 3427 17
425 3367 650 3426 inveniuntur.

322 3470 466 3533 Statium
486 3474 592 3550 ipsum
613 3473 777 3552 pleraque
797 3472 934 3534 finxisse
951 3472 1130 3534 verisimile
1148 3481 1201 3534 est
1218 3473 1294 3533 ideo
1313 3473 1403 3552 quod

233 3598 343 3658 pauca
358 3587 502 3652 tantum,
521 3582 570 3653 13,
586 3580 676 3660 apud
694 3580 855 3660 aequales
873 3600 1020 3660 quoque,
1038 3579 1225 3640 Martialem
1242 3589 1278 3640 et
1287 3577 1402 3641 Silium

232 3685 394 3760 Italicum,
417 3688 642 3766 reperiuntur,
661 3707 736 3748 curn
762 3688 883 3767 quibus
905 3695 1055 3748 ceterum
1080 3686 1158 3746 nihil
1176 3687 1206 3746 ei
1223 3693 1296 3747 erat
1314 3705 1404 3746 com·

234 3812 344 3856 mune.
392 3793 442 3853 Ex
471 3795 519 3853 eis
548 3795 690 3873 plurima
720 3794 760 3854 ad
791 3795 932 3874 primam
964 3795 1113 3873 speciem
1139 3795 1326 3872 pertinent:
1357 3794 1404 3852 ita
1507 3845 1508 3850 ,

232 3899 362 3979 palmes
379 3902 516 3980 ponitur
532 3917 593 3980 pro
610 3902 696 3973 vitis,
717 3899 869 3962 Laurens
886 3920 947 3981 pro
965 3899 1152 3974 Romanus,
1171 3889 1412 3960 Marathonius*

233 4025 294 4084 pro
313 4008 456 4086 Atticus,
474 4007 605 4088 Elysius
622 4027 683 4087 pro
701 4007 836 4082 inferne,
861 4016 954 4068 tecta
971 4027 1032 4088 pro
1050 4000 1197 4084 basilica,
1222 4008 1325 4067 crista
1341 4025 1402 4086 pro

233 4115 345 4191 cassis,
371 4112 481 4173 laurus
498 4133 559 4194 pro
578 4115 730 4194 epistula,
751 4134 858 4194 equus
875 4135 936 4194 pro
954 4123 1066 4174 statua
1085 4115 1262 4194 equestris,
1280 4113 1402 4173 deinde

232 4221 265 4278 in
302 4220 454 4280 secunda
490 4220 690 4282 Isthmiacus
727 4241 788 4301 pro
827 4218 1032 4299 CorinthiuS,
1072 4223 1170 4301 tigris
1207 4240 1269 4301 pro
1307 4219 1403 4299 pellis

233 4326 378 4405 tigridis,
410 4328 442 4387 in
478 4329 579 4387 tertia
615 4331 717 4389 umbo
751 4349 813 4409 pro
847 4330 993 4401 cubitus,
1030 4348 1145 4389 aurum
1180 4347 1242 4408 pro
1276 4346 1403 4388 corona

234 4451 335 4492 aurea
352 4432 518 4512 oleagina,
535 4453 683 4495 marmor
695 4456 757 4515 pro
772 4443 1082 4497 monumentum-
1096 4434 1230 4496 Novata
1244 4433 1403 4513 exempla

233 4539 433 4621 plerumque
457 4552 536 4601 sunt
560 4543 657 4602 eain
684 4543 805 4622 quibus
829 4562 918 4604 nova
943 4543 991 4603 vis
1015 4541 1182 4603 vocabulo
1207 4550 1309 4601 antea
1326 4560 1401 4620 pro·
